4574 5868
1161 481 1199 541 10

1097 564 1264 573 *-

755 689 815 757 De
841 687 989 758 ordine
1015 687 1252 757 carminum
1276 686 1378 756 libri
1402 687 1435 768 Ι,
1461 689 1599 756 1—12.

443 817 532 882 Haec
548 825 644 899 atque
661 815 741 881 talia
758 816 888 896 saepius
903 815 1056 898 cogitanti
1073 817 1175 881 allata
1192 813 1272 879 mihi
1290 819 1339 878 est
1357 815 1490 880 aureola
1508 814 1566 880 illa
1583 813 1780 898 Kiesslinpii
1796 811 2012 900 disputatio')
2041 813 2082 880 de

276 927 441 995 nonnullis
452 923 646 992 carminibus
656 924 791 1009 Horatii,
809 945 905 1008 quam
923 926 988 1008 legi
1002 932 1034 990 et
1051 925 1165 990 iterum
1178 924 1243 1006 legi
1257 923 1354 1006 idque
1372 943 1496 990 summa
1508 945 1579 990 cum
1589 925 1817 992 delectatione:
1834 945 1910 991 nam
1922 925 1982 990 etsi
1998 923 2082 989 dole-

277 1039 353 1105 bam
370 1037 534 1119 nonnulla,
552 1055 634 1118 quae
651 1035 825 1117 aliquando
840 1035 908 1118 ipse
922 1035 1156 1118 cogitavissem,
1172 1032 1250 1098 mihi
1264 1042 1434 1118 praerepta
1452 1054 1523 1100 esse
1541 1042 1637 1117 atque
1655 1041 1722 1100 tam
1739 1037 1906 1118 praeclare
1926 1035 2082 1120 exposita,

277 1168 374 1232 quam
392 1145 566 1228 meipsum
584 1144 800 1228 expositurmn
819 1164 982 1228 nunquam
1001 1144 1142 1227 speravi,
1170 1149 1216 1209 tot
1242 1149 1349 1209 mmen
1376 1151 1528 1227 tantaque
1546 1143 1763 1227 Kiesslingius
1780 1144 1824 1209 ad
1841 1146 1943 1210 multa
1960 1146 2078 1210 rectius

278 1267 311 1324 et
328 1255 510 1323 accuratius
527 1253 758 1337 intellegenda,
784 1255 922 1338 plurima
938 1274 1022 1319 novo
1041 1253 1159 1320 iudicio
1177 1253 1425 1337 contemplanda
1441 1254 1562 1337 attulit,
1580 1259 1615 1318 ut
1632 1273 1828 1338 magnopere
1845 1253 2020 1337 gauderem
2036 1253 2079 1318 ad

277 1368 339 1433 riri
356 1365 532 1431 doctissimi
557 1363 711 1430 iudicium
737 1371 861 1429 tantum
887 1384 938 1429 me
966 1364 1154 1430 accessisse.
1197 1364 1235 1428 In
1252 1363 1364 1447 paucis
1381 1363 1550 1445 dissentio,
1576 1383 1659 1446 quae
1683 1365 1819 1430 nuncin
1845 1363 1986 1428 medium
2012 1383 2082 1448 pro

277 1479 361 1544 ferre
383 1474 482 1542 estin
500 1475 619 1539 animo.

447 1600 532 1680 Quot
547 1598 646 1665 libros
664 1599 779 1684 quibus
797 1597 994 1682 temporibus
1011 1598 1165 1665 Horatius
1187 1599 1338 1684 ediderit,
1366 1599 1464 1664 etiam
1490 1604 1563 1684 post
1580 1599 1770 1682 Kiesslingii
1788 1601 2032 1682 sagacissimam
2050 1607 2082 1667 et

276 1710 814 1797 diligentissimamdisputationem
825 1705 1031 1792 dubitabitur,
1050 1709 1107 1774 sed
1125 1708 1208 1775 hanc
1218 1708 1469 1792 disputationem
1480 1709 1732 1793 -periculosae
1741 1710 1871 1794 plenum
1889 1730 1968 1793 opus
1986 1712 2079 1776 aleae

277 1860 320 1870 —
338 1842 422 1888 nume
443 1822 518 1886 nolo
542 1821 714 1904 attingere,
740 1818 784 1885 ad
807 1818 978 1900 rationem,
1006 1838 1102 1901 quam
1119 1818 1287 1884 Horatium
1305 1819 1339 1883 in
1357 1817 1546 1884 ordinandis
1563 1818 1731 1885 duodecim
1750 1819 1862 1904 primis
1887 1819 2081 1886 carminibus

278 1938 421 1998 secutum
440 1950 511 1996 esse
525 1930 616 2013 dicit,
634 1931 794 1995 accedam.
830 1929 938 2012 Atque
956 1927 1016 1994 bac
1028 1928 1157 2011 quidem
1174 1929 1208 1993 in
1227 1928 1350 1994 reneri
1368 1927 1490 2010 aliquid
1505 1927 1723 2012 Kiesslingius
1740 1930 1903 1995 invenisse
1918 1927 1980 1995 sibi
1992 1931 2080 1996 visus

278 2048 340 2124 est,
367 2061 438 2106 cum
464 2059 631 2104 numerum
655 2059 764 2104 eorum
788 2038 979 2120 carminum,
1007 2059 1090 2121 quae
1107 2038 1260 2105 Horatius
1278 2036 1311 2102 in
1328 2037 1484 2121 principio
1503 2039 1701 2105 collectionis
1725 2048 1879 2123 tanquam
1905 2040 2080 2124 specimina

278 2152 357 2217 artis
378 2169 457 2215 suae
480 2151 625 2230 poeticae
642 2148 874 2230 proposuisset,
901 2168 964 2213 non
989 2167 1105 2214 novem
1133 2145 1328 2213 carminibus
1354 2152 1498 2212 censeret
1524 2166 1597 2212 esse
1623 2147 1811 2232 finiendum,
1838 2149 1896 2216 sed
1914 2148 2080 2214 duodecim

279 2257 474 2325 carminibus
492 2258 657 2324 contineri.
699 2256 792 2336 Quod
810 2257 929 2323 firmari
948 2265 980 2323 et
996 2277 1030 2322 re
1049 2264 1081 2322 et
1097 2257 1216 2321 metris.
1259 2257 1308 2321 De
1326 2258 1435 2322 metris
1453 2263 1611 2339 quatenus
1629 2257 1869 2324 assentiendum
1894 2261 1949 2340 sit,
1967 2267 2079 2342 postea

278 2366 471 2452 ridebimus,
490 2367 571 2432 illud
588 2373 696 2432 autem
714 2367 925 2434 demonstrari
942 2369 997 2433 vix
1014 2365 1144 2450 poterit,
1162 2366 1260 2431 etiam
1279 2366 1312 2430 in
1330 2363 1425 2431 rebus
1442 2367 1494 2431 vel
1512 2364 1705 2449 hominibus,
1727 2367 1771 2432 ad
1789 2387 1868 2451 quos
1885 2374 1980 2453 poeta
1998 2368 2077 2433 haec

278 2477 447 2543 duodecim
474 2477 617 2542 earmina
637 2477 737 2558 misit,
763 2485 883 2542 certam
906 2497 978 2543 eum
997 2479 1102 2558 legem
1124 2483 1157 2540 et
1178 2475 1344 2541 consilium
1372 2494 1443 2540 esse
1471 2482 1624 2540 secutum.
1666 2477 1753 2544 Bene
1776 2478 1877 2560 primo
1900 2479 1969 2544 loco
1986 2479 2079 2543 -id

279 2585 489 2652 libentissime
507 2585 749 2669 comprobamus
767 2621 807 2630 -
825 2588 933 2670 posuit
950 2605 1093 2669 carmen,
1119 2584 1204 2668 quod
1230 2585 1427 2650 Maecenatis
1444 2584 1572 2650 nomine
1590 2595 1735 2651 ornatum
1763 2595 1825 2668 est,
1852 2588 1984 2672 pulchre
2008 2609 2080 2672 gra·

279 2697 411 2763 sissimo
438 2695 579 2761 carmine
604 2695 744 2760 seeundo
765 2695 942 2778 Augustum
966 2695 1127 2760 vindicem
1153 2697 1304 2779 pacisque
1331 2694 1507 2777 principem
1533 2695 1780 2779 concelebravit,
1798 2697 1975 2780 Vergilium
1995 2699 2078 2764 -si

278 2814 374 2892 poeta
397 2813 447 2870 est
465 2839 505 2850 -
523 2806 618 2871 tertio
640 2805 708 2870 loco
727 2803 768 2869 ab
786 2805 919 2871 Horatio
942 2805 1072 2870 honoris
1097 2824 1196 2870 causa
1221 2805 1418 2888 appellatum
1445 2824 1518 2870 esse
1543 2805 1755 2871 concedimus
1795 2805 1868 2886 Qua
1893 2807 1926 2873 in
1953 2829 1987 2874 re
2014 2808 2075 2874 duo

280 2925 366 3000 sunt,
392 2934 475 2997 quae
492 2915 607 2978 mirum
625 2935 676 2978 me
693 2911 828 2978 habent:
855 2921 1080 2979 commemorat
1106 2913 1166 2979 boc
1186 2915 1256 2978 loeo
1274 2913 1492 2993 Kiesslingius
1514 2910 1687 2994 teretem)
1707 2920 1738 2976 et
1756 2912 1968 2997 Besalem)
1998 2935 2072 2980 com·

278 3024 503 3106 mentationes,
530 3021 719 3106 quibuscum
737 3023 784 3087 ita
801 3022 971 3102 consentit,
998 3023 1127 3088 utitem
1144 3022 1187 3087 ad
1205 3023 1383 3104 Vergilium
1402 3029 1530 3106 poetam
1548 3040 1677 3087 carmen
1696 3022 1824 3088 tertium
1846 3024 1979 3089 missum
2008 3044 2076 3090 esse

279 3133 384 3199 dicat:
402 3153 441 3198 ex
459 3153 568 3198 eorum
586 3152 730 3215 numero,
748 3133 801 3216 qui
820 3132 860 3198 de
878 3138 1054 3198 mercatore
1068 3132 1223 3215 Vergilio,
1244 3151 1338 3213 quem
1353 3130 1489 3197 eundem
1508 3151 1533 3196 c.
1547 3130 1601 3214 IV,
1622 3135 1659 3194 tt
1677 3135 1833 3216 appellat,
1851 3135 2078 3216 cogitaverunt,

278 3241 524 3307 Looltmoaeom
541 3264 639 3308 unum
658 3243 814 3324 nominat,
833 3250 868 3307 ut
884 3247 1042 3326 appareat
1059 3243 1155 3326 plane
1174 3262 1246 3307 eum
1266 3241 1333 3306 sive
1352 3241 1496 3307 consulto
1515 3241 1583 3306 sive
1602 3262 1709 3307 errore
1728 3242 1909 3324 neglexisse
1929 3264 1977 3328 ea,
1995 3263 2077 3326 quae

279 3371 299 3416 a
318 3351 469 3414 Meweer'o
488 3351 521 3417 in
538 3362 598 3417 act.
619 3372 681 3417 soe.
698 3352 807 3436 philol.
825 3352 927 3416 Berol.
946 3371 974 3416 a.
996 3355 1075 3417 1879
1093 3372 1123 3435 p.
1141 3354 1275 3434 tta—at,
1293 3349 1452 3435 omnibus,
1470 3370 1603 3433 quarum
1624 3351 1704 3418 ratio
1724 3350 1872 3418 habenda
1893 3363 1955 3437 est,
1984 3353 2077 3418 rebus

279 3461 523 3542 diligentissime
549 3460 746 3543 ponderatis,
772 3459 958 3544 disputavit.
1005 3462 1096 3526 Alter
1128 3481 1215 3526 error
1240 3461 1317 3524 mihi
1344 3460 1472 3525 videtur
1499 3480 1571 3526 esse
1602 3461 1637 3528 in
1676 3461 1880 3545 disputando·
1938 3465 2074 3528 Demon-

279 3583 380 3636 strare
399 3571 484 3635 enim
505 3569 612 3636 studet
635 3569 801 3635 Horatium
820 3571 866 3634 ita
884 3570 1027 3636 carmina
1053 3572 1086 3635 in
1105 3570 1249 3635 ordinem
1266 3569 1445 3652 redegisse,
1471 3576 1506 3635 ut
1532 3579 1590 3635 aut
1616 3573 1799 3637 auctoritati
1826 3573 1988 3638 hominum
2016 3573 2078 3637 cla-

279 3680 476 3745 rissimorum
494 3687 550 3744 aut
567 3680 668 3745 amori
691 3679 928 3745 carissimorum
946 3681 1193 3764 responderent3
1218 3678 1426 3763 proficiscitur
1453 3679 1562 3764 igitur,
1589 3688 1624 3744 ut
1649 3681 1784 3764 ridetur,
1807 3702 1880 3748 are
1899 3682 2077 3748 certissima

279 3799 375 3873 atque
392 3787 665 3872 manifestissima,
683 3789 729 3852 ita
747 3797 782 3852 ut
794 3788 834 3852 de
845 3789 923 3854 viris
935 3791 1001 3854 illis
1012 3810 1053 3855 ne
1064 3789 1203 3854 dubitari
1214 3788 1345 3872 quidem
1355 3808 1450 3871 posse
1461 3789 1628 3855 videatur:
1646 3789 1794 3873 idemque
1805 3810 1869 3856 non
1882 3791 2007 3857 dubitat
2020 3811 2076 3874 pro

278 3906 466 3980 argumento
492 3897 621 3980 afferre,
648 3896 732 3980 quod
758 3909 823 3962 tam
847 3898 964 3963 illustri
987 3898 1056 3964 loco
1075 3919 1204 3964 carmen
1225 3898 1296 3978 ,Sic
1313 3905 1345 3963 te
1363 3898 1439 3963 diva
1456 3901 1588 3982 potens“
1609 3899 1748 3982 positum
1775 3900 1828 3984 sit,
1857 3922 1896 3967 ea
1914 3902 1954 3966 de
1979 3920 2077 3966 causa

280 4009 456 4090 Vergilium
474 4018 601 4091 poetam
621 4027 705 4086 esse,
723 4007 765 4072 ad
783 4027 876 4090 quem
894 4007 975 4073 illud
993 4008 1103 4072 datum
1121 4009 1171 4074 sit.
1214 4007 1320 4091 Quod,
1338 4007 1365 4072 si
1384 4027 1448 4072 non
1466 4015 1515 4072 est
1533 4009 1682 4092 circulus,
1699 4014 1735 4072 ut
1752 4011 1843 4076 aiunt
1860 4011 1893 4076 in
1911 4030 2078 4092 argumen-

280 4118 386 4198 tando,
403 4116 480 4199 quid
493 4117 534 4182 sit
547 4117 692 4198 circulus,
710 4117 828 4182 nescio.
864 4116 968 4196 Quam
986 4116 1120 4182 infirmis
1137 4119 1234 4200 igitur
1245 4120 1443 4200 argumentis
1455 4117 1696 4195 lraecnitantur‚
1716 4138 1908 4204 quamquam
1919 4120 2074 4202 videmus,

281 4235 386 4291 cetera
412 4227 533 4308 omnia,
562 4225 589 4288 si
609 4224 784 4308 Vergilium
808 4237 934 4310 poetam
953 4227 1094 4291 carmine
1111 4227 1204 4292 tertio
1227 4228 1385 4311 appellari
1405 4225 1630 4308 concedamus,
1657 4249 1733 4293 num
1758 4231 1876 4313 optime
1901 4231 2077 4313 procedant

279 4334 456 4401 videamus.
485 4335 532 4399 Ac
543 4333 681 4399 Sestium
692 4335 830 4420 quidem,
847 4337 890 4401 ad
900 4356 993 4419 quem
1004 4344 1152 4418 quartum
1169 4357 1297 4402 carmen
1309 4336 1420 4402 datum
1438 4342 1500 4419 est,
1518 4333 1579 4400 hac
1596 4335 1630 4401 in
1648 4339 1896 4405 clarissimorum
1914 4337 2077 4404 hominum

280 4443 432 4510 societate
456 4442 689 4526 quodammodo
716 4448 869 4530 patimur,
896 4446 953 4512 sed
971 4445 1026 4530 qui
1048 4445 1136 4510 locus
1160 4446 1201 4510 sit
1218 4446 1370 4530 Pyrrhae,
1393 4445 1601 4512 mulierculae
1627 4448 1821 4529 levissimae,
1849 4449 1967 4514 frustra
1983 4467 2079 4530 quae·

281 4554 369 4618 ritur.
413 4553 496 4616 Nam
519 4553 609 4616 nulla
633 4553 711 4621 mihi
728 4555 855 4621 videtur
878 4576 949 4622 esse
973 4575 1084 4638 causa,
1111 4554 1195 4637 quod
1213 4554 1430 4638 Kiesslingius
1448 4555 1616 4621 Horatium
1634 4557 1725 4641 dicit,
1751 4562 1787 4621 ut
1813 4558 1954 4623 carmine
1979 4563 2077 4640 sexto,

280 4681 342 4744 quc
361 4668 392 4726 et
408 4659 572 4745 Agrippae
590 4669 621 4725 et
639 4662 728 4729 Varii
755 4664 868 4731 laudes
895 4664 1085 4747 celebraret,
1112 4685 1146 4730 se
1168 4665 1305 4743 „leviore
1322 4666 1443 4748 plectro
1461 4665 1591 4730 modos“
1612 4684 1815 4756 componere,
1833 4665 1939 4733 dicere
1958 4675 2076 4752 posset,

279 4791 342 4836 uno
362 4773 505 4856 exemplo
525 4779 622 4837 antea
640 4773 726 4839 edito
744 4774 858 4841 docere
875 4774 1040 4857 debuisse,
1066 4794 1101 4839 se
1118 4774 1167 4838 illi
1184 4773 1294 4855 generi
1317 4774 1397 4838 artis
1419 4773 1565 4856 poeticae
1593 4792 1723 4855 operam
1746 4773 1841 4841 dare:
1868 4797 1951 4860 quae
1978 4795 2075 4843 causa

449 5009 475 5072 6)
493 5007 593 5063 Philol.
612 5007 862 5076 Untersuohuugen
881 5007 1047 5076 herousgeg.
1067 5023 1093 5060 v.
1112 5001 1149 5058 A.
1166 5005 1309 5074 Kiessling
1328 5021 1354 5059 u.
1373 5007 1403 5060 U.
1423 5023 1449 5060 v.
1468 5005 1653 5060 Vl'ilomowitr.
1671 5037 1703 5045 -
1721 5007 1906 5063 itellendorn.
1925 5013 1949 5062 2.
1967 5007 2025 5061 Hel
2036 5049 2042 5062 .

446 5094 473 5158 7)
492 5091 599 5145 Fastor.
619 5091 793 5145 Horatianos.
812 5091 946 5158 epicrisis.
982 5089 1119 5146 Mouaclrii
1138 5092 1212 5142 1877.

447 5177 473 5242 8)
493 5177 652 5232 Coniectan.
672 5175 757 5228 Bono.
778 5177 850 5230 1878.
