4574 5868
1156 506 1196 566 22

269 717 304 804 (a
319 742 342 789 θ
360 721 380 785 b
399 722 473 802 (oe
485 723 507 799 β
520 716 604 803 ÷y))
651 719 719 787 Sat.
737 725 760 806 Ι,
781 727 807 805 t,
827 727 886 786 109
914 720 1027 806 probet
1054 743 1092 786 oe
1117 757 1157 768 —
1176 723 1301 806 laudet,
1330 721 1503 806 (qnodlqce
1520 759 1564 769 —
1582 723 1740 805 tabescat,
1768 743 1869 803 neque
1892 743 1927 789 se
1950 723 2080 790 ABOD

272 839 445 915 comparet,
462 865 504 876 -
523 827 655 894 laboret
691 832 758 897 Sat.
777 835 799 915 Ι,
818 839 847 917 4,
867 836 884 896 3
915 832 999 914 qood
1025 834 1130 898 malus
1153 853 1192 896 ac
1216 832 1276 913 fur,
1302 831 1387 911 qaod
1407 833 1558 899 moechus
1576 839 1694 898 -aut
1715 834 1851 899 sicarius
1877 838 1937 897 oct
1958 835 2079 918 alioqui

272 942 424 1006 famosus.
458 940 524 1006 Sat
543 943 565 1023 l,
583 944 612 1018 9,
631 943 669 1004 31
690 962 791 1024 cepae
812 977 849 986 —
868 963 993 1007 venena
1011 963 1068 1006 ece
1086 942 1188 1024 ensis,
1205 961 1263 1005 aee
1280 976 1322 985 —
1340 941 1431 1007 dolor
1448 947 1507 1006 eat
1523 944 1636 1026 tussis,
1664 963 1722 1006 aec
1738 977 1782 987 -
1799 943 1953 1026 podagra.
2000 943 2081 1026 (Sat

270 1053 306 1134 11,
328 1056 354 1134 1,
372 1054 411 1113 57
430 1069 487 1114 aee
504 1069 622 1113 —sea
640 1050 805 1135 -dives,
832 1053 939 1135 inops,
961 1053 1083 1118 Rornae
1107 1071 1164 1115 seo
1181 1051 1331 1117 —exsul
1350 1067 1403 1116 a÷
1417 1050 1481 1118 b:c
1499 1051 1545 1137 (o,
1560 1055 1592 1131 β,
1611 1076 1637 1138 y,
1655 1049 1700 1134 d.)
1746 1051 1813 1118 Sat.
1831 1055 1868 1136 ΙΙ,
1888 1057 1916 1138 3,
1936 1057 1975 1120 78
1995 1057 2078 1139 quis·
2118 1122 2123 1133 ,

271 1161 342 1244 quis
360 1159 534 1224 ambitione
553 1194 593 1203 -
611 1166 670 1224 oct
687 1161 846 1244 -pallet
864 1182 988 1244 amore,
1014 1162 1158 1244 quisquis
1180 1163 1307 1227 luxuria
1335 1161 1456 1227 tristive
1475 1163 1702 1247 superstitione
1720 1167 1779 1228 out
1800 1197 1837 1207 —
1857 1161 1968 1229 morbo
1986 1166 2079 1231 calet.

739 1244 1163 1279 F-——ffi-

271 1331 340 1413 (Hp.
359 1330 383 1410 I,
408 1334 454 1412 14,
472 1331 510 1394 21
532 1289 625 1450 αὲἓβ
643 1331 710 1396 etb
737 1285 855 1414 Morest
867 1333 902 1415 β)
920 1353 978 1396 aee
997 1333 1024 1397 B
1043 1354 1101 1398 aec
1115 1327 1161 1412 0.)
1207 1333 1265 1414 Ep.
1281 1332 1306 1413 I,
1327 1334 1374 1413 17,
1394 1334 1433 1394 53
1461 1331 1515 1413 qui
1539 1331 1683 1413 queritur
1707 1329 1852 1396 salebras
1875 1337 1905 1395 et
1927 1332 2078 1399 acerbum

271 1491 373 1574 frigus
392 1497 421 1555 et
439 1491 556 1559 imbres
575 1498 634 1557 oct
652 1493 766 1558 cistam
783 1530 825 1539 -
844 1501 873 1558 et
890 1494 1010 1559 viatica
1027 1491 1154 1578 plorat.)

437 1619 550 1700 Longa
584 1627 631 1685 est
663 1619 781 1685 sabula.
825 1621 895 1684 Iam
922 1619 999 1703 quid
1025 1621 1154 1703 doceat,
1181 1618 1364 1684 videndum.
1407 1616 1542 1682 Videtur
1567 1616 1733 1681 autemid
1760 1616 1883 1699 docere,
1910 1618 2076 1684 Horatium

269 1728 390 1792 nullam
417 1728 516 1792 aliam
542 1737 638 1812 atque
664 1735 787 1794 ceteros
815 1748 893 1793 suae
919 1729 1037 1794 aetatis
1059 1730 1229 1812 scriptores
1254 1727 1351 1810 lepem
1372 1748 1444 1793 esse
1471 1735 1631 1808 secutum,
1657 1726 1692 1791 id
1718 1735 1853 1812 tanturn,
1878 1735 1914 1793 ut
1940 1737 2078 1812 poetam,

271 1836 332 1901 sibi
358 1835 517 1902 libertatis
544 1839 732 1922 sumpsisse,
759 1848 794 1903 nt
821 1838 992 1920 aliquoties
1018 1839 1098 1922 rim,
1123 1858 1206 1922 quae
1230 1838 1319 1921 apud
1346 1839 1483 1921 optimos
1510 1836 1680 1920 scriptores
1705 1837 1739 1902 in
1762 1837 1928 1920 particulis
1952 1838 2078 1904 videtur

273 1948 398 2022 inesse,
415 1949 598 2030 neglegeret
617 1957 725 2029 etpoe
743 1953 830 2024 etet,
849 1946 1009 2012 interdum
1028 1949 1124 2013 etiam
1144 1953 1241 2029 otone
1260 1948 1450 2030 particulam
1469 1947 1647 2029 promiscue
1665 1955 1843 2029 usurparet.

437 2067 563 2150 Restat,
590 2075 626 2130 ut
651 2066 692 2131 de
719 2067 831 2149 paucis
858 2065 953 2147 loeis,
979 2065 1012 2130 in
1039 2065 1154 2147 quibus
1181 2066 1222 2131 de
1244 2066 1412 2148 particulis
1438 2063 1629 2148 copulativis
1652 2069 1684 2128 et
1712 2063 1752 2128 de
1775 2062 1987 2128 membrorum
2013 2064 2076 2130 dis·

272 2175 444 2240 tributione
476 2197 547 2240 curn
573 2175 722 2240 Nauckio
750 2174 828 2240 mihi
851 2196 916 2240 non
946 2176 1107 2260 convenit,
1134 2195 1239 2258 pauca
1262 2175 1438 2259 disputem:
1463 2174 1504 2239 de
1530 2171 1689 2254 omnibus,
1716 2191 1796 2255 quos
1822 2172 1992 2257 adscripsi,
2021 2182 2076 2240 aut

271 2305 350 2366 quos
376 2286 470 2350 aliter
495 2293 591 2367 atque
618 2283 786 2349 Nauokius
811 2283 1015 2366 accipiendos
1041 2285 1166 2367 putari,
1192 2291 1249 2349 aut
1279 2304 1358 2367 quos
1384 2285 1527 2349 consulto
1555 2281 1649 2347 omisi
1677 2280 1843 2364 disputare
1866 2283 1996 2364 longum
2028 2292 2078 2349 est

271 2414 375 2476 neque
393 2431 435 2439 —
453 2403 488 2458 ut
506 2395 691 2459 videtur-
708 2413 826 2477 operae
844 2394 989 2476 pretium.

1134 2555 1227 2637 1‚‘1.

437 2681 486 2744 De
504 2679 564 2744 hoc
581 2680 736 2762 carmine,
765 2686 799 2745 ut
816 2679 886 2745 hoc
903 2683 988 2746 loco
1006 2681 1178 2764 disputem,
1205 2701 1243 2746 eo
1264 2679 1416 2761 adducor,
1434 2679 1517 2761 quod
1535 2700 1599 2745 non
1626 2680 1730 2744 solum
1747 2678 1787 2744 de
1805 2679 1880 2744 aliis
1896 2679 2000 2764 rebus,
2018 2681 2077 2747 sed

274 2793 369 2856 otiam
388 2790 429 2855 de
446 2789 613 2872 particulis
635 2809 740 2873 pauca
758 2789 894 2856 dicenda
919 2797 1000 2855 sunt.
1043 2790 1090 2855 Ao
1117 2792 1253 2874 primum
1271 2789 1411 2873 quidem,
1442 2789 1469 2854 si
1487 2788 1596 2872 urbes,
1619 2809 1699 2872 quas
1721 2787 1834 2872 primis
1850 2790 1997 2856 versibus
2014 2791 2077 2855 Ho-

273 2899 374 2964 ratius
391 2897 547 2981 oelebrat,
573 2900 775 2982 respicimus,
793 2901 940 2964 ridemus
957 2899 999 2964 ab
1016 2900 1150 2965 Horatio
1168 2903 1349 2984 appellatas
1367 2918 1439 2964 esse
1457 2897 1603 2963 Rhodum
1621 2905 1653 2963 et
1671 2899 1848 2982 Mytilenen
1865 2903 1994 2979 propter
2012 2892 2075 2957 exi-

273 3009 369 3073 miam
393 3009 473 3072 situs
497 3007 781 3091 pulchritudinem,
810 3008 971 3091 Ephesum
991 3015 1023 3074 ct
1040 3007 1224 3074 Corinthum
1248 3016 1376 3093 propter
1394 3028 1550 3073 summam
1569 3015 1729 3072 mercatus
1747 3013 1779 3072 θῖ
1796 3003 1976 3082 commercii
1995 3002 2074 3067 cele·

273 3118 439 3202 britatem3
458 3125 634 3200 sequuntur
652 3117 708 3182 illa
726 3117 854 3202 oppida,
872 3137 955 3199 quae
970 3117 1101 3184 deorum
1115 3120 1202 3183 cultu
1216 3120 1305 3184 clara
1322 3124 1404 3201 sunt,
1421 3117 1536 3200 quibus
1549 3117 1676 3202 oppidis
1690 3116 1818 3182 adiecta
1832 3121 1880 3180 est
1893 3119 2005 3180 sancta
2018 3111 2077 3176 illa

274 3234 305 3294 et
323 3227 537 3311 pulcherrima
556 3227 651 3292 vallis
669 3227 798 3310 Tempe.
840 3227 953 3310 Itaque
970 3229 1120 3310 quoniam
1138 3229 1208 3293 loca
1226 3228 1295 3293 deis
1314 3228 1401 3292 clara
1415 3226 1597 3311 celebravit,
1614 3227 1658 3292 ad
1675 3227 1926 3292 clarissimarum
1943 3223 2075 3288 dearum

275 3337 423 3420 egregias
441 3335 536 3401 sedes
552 3336 755 3420 progreditur
772 3335 929 3418 Athenas,
946 3338 1065 3420 Argos,
1082 3337 1245 3422 Mycenas.
1288 3337 1380 3402 Hunc
1402 3356 1502 3419 usque
1521 3335 1564 3400 ad
1582 3336 1686 3401 locum
1704 3335 1812 3400 omnia
1829 3332 1911 3399 bene
1928 3332 2077 3398 videntur

275 3445 458 3530 procedere.
502 3444 568 3510 Sed
594 3466 650 3511 cur
667 3445 942 3511 Lacedaemonem
961 3453 993 3511 ct
1010 3447 1176 3512 Larissam
1194 3447 1372 3531 appellarit
1389 3446 1564 3511 Horatius?
1598 3444 1668 3524 Quo
1691 3445 1761 3509 iure
1780 3443 1886 3508 dicere
1903 3442 2007 3526 potuit
2028 3461 2077 3504 me

274 3576 332 3620 nec
352 3561 418 3620 tom
433 3556 567 3636 poliens
585 3555 803 3620 Lacedaemon
818 3589 858 3599 -
874 3557 1009 3635 opimae,
1027 3577 1124 3637 qoam
1141 3555 1252 3620 menas
1270 3555 1350 3622 etc?
1385 3555 1498 3640 Immo,
1520 3555 1602 3621 bene
1621 3556 1649 3620 si
1666 3554 1821 3620 voluisset
1837 3551 1953 3636 dicere,
1971 3551 2077 3616 dicen-

272 3665 348 3730 dum
374 3666 405 3730 ei
434 3672 504 3729 erat
534 3684 599 3744 ,me
626 3685 729 3746 neque
751 3664 883 3729 Rhodus
910 3686 1013 3748 neque
1035 3665 1191 3750 Mytilene
1218 3667 1292 3731 erest
1340 3665 1383 3730 at
1402 3686 1497 3748 quarn
1515 3664 1671 3746 languida
1698 3663 1758 3727 luit
1780 3663 1856 3727 talis
1881 3668 1938 3726 aut
1963 3661 2078 3725 similis

276 3776 391 3852 oratio,
419 3794 515 3858 quam
541 3773 649 3837 ieiuna
672 3780 703 3838 et
722 3775 853 3857 frigida!
897 3775 1023 3858 Optime
1043 3775 1128 3840 enim
1153 3775 1370 3858 complectitur
1388 3795 1510 3856 ornnes,
1536 3793 1617 3856 quas
1634 3771 1826 3857 appellarit,
1852 3772 1903 3836 his
1932 3769 2076 3848 urbibus:

273 3905 348 3950 narn
375 3903 469 3967 qnam
498 3890 573 3948 sunt
599 3884 793 3949 contrariae!
827 3885 1027 3952 Lacedaemo
1060 3885 1094 3950 in
1120 3886 1324 3952 meridionali
1347 3891 1438 3969 parte
1465 3881 1689 3967 Peloponnesi,
1712 3881 1845 3946 Larissa
1871 3881 1906 3946 in
1935 3888 2077 3944 extrema

273 3995 430 4060 Graeciae
449 3993 718 4076 septemtrionalis
735 4000 827 4077 parte
845 3995 907 4059 sita
925 4001 1007 4076 erat,
1034 3996 1234 4061 Lacedaemo
1252 3996 1327 4058 altis
1344 3993 1484 4076 undique
1502 3991 1662 4058 montibus
1679 3991 1891 4073 circumdata,
1918 3996 1952 4055 ut
1975 4007 2076 4071 usque

273 4103 316 4168 ad
334 4109 476 4169 extrema
502 4102 625 4168 liberae
644 4102 801 4168 Graeciae
819 4109 962 4187 tempora
979 4104 1145 4170 moenibus
1164 4125 1243 4188 opus
1269 4125 1341 4170 esse
1368 4124 1433 4170 non
1455 4103 1627 4184 rideretur,
1654 4102 1787 4166 Larissa
1814 4101 1847 4167 in
1872 4099 2076 4184 apertissimo

274 4233 386 4296 campo
405 4211 551 4296 patebat,
570 4212 824 4278 Lacedaemonis
842 4213 967 4277 incolae
985 4234 1080 4297 quam
1099 4213 1171 4279 duri
1190 4221 1220 4278 et
1238 4216 1412 4298 patientes,
1434 4213 1588 4278 Larissae
1605 4231 1701 4293 quarn
1719 4209 1867 4276 dissoluti
1885 4216 1917 4275 et
1934 4209 1967 4273 in
1984 4209 2076 4273 luxu·

273 4323 356 4389 riam
375 4323 478 4386 effusi.
514 4321 573 4386 His
589 4321 688 4404 igitur
706 4321 890 4388 nominibus
908 4329 975 4387 tota
994 4323 1131 4388 Graecia
1148 4322 1319 4405 significari
1336 4343 1400 4387 non
1418 4322 1543 4405 potnit?

442 4430 597 4497 Omnibus
615 4437 722 4497 autern
741 4432 807 4496 illis
824 4432 904 4497 locis
921 4440 1087 4516 praestare
1106 4431 1214 4516 Tibur,
1241 4432 1285 4497 ibi
1304 4441 1338 4496 ut
1356 4431 1495 4495 Plancus
1513 4438 1658 4514 maneat,
1676 4437 1784 4495 monet
1801 4429 1962 4495 Horatius.
2006 4426 2075 4506 Quo

273 4549 416 4626 tempore
433 4540 468 4605 id
485 4561 614 4605 monere
636 4542 775 4624 potuerit
792 4541 1009 4624 quaerendum
1029 4549 1093 4606 est:
1117 4543 1226 4624 itaque
1244 4540 1564 4623 circumspiciendum
1583 4549 1645 4622 est,
1663 4539 1714 4605 cui
1732 4539 1820 4604 ritae
1838 4537 1974 4603 Munatii
1997 4545 2075 4604 tom-

273 4652 343 4734 pori
361 4655 438 4734 apta
455 4647 604 4714 rideatur
620 4648 701 4714 hacc
718 4649 902 4716 admonitio.
943 4651 991 4715 Hx
1009 4651 1148 4717 carmine
1172 4653 1243 4731 ipso
1260 4649 1466 4715 manifestum
1486 4656 1547 4732 est,
1573 4650 1767 4730 Munatium,
1794 4666 1865 4714 cum
1882 4653 1978 4730 poeta
1996 4645 2076 4712 haec

274 4759 373 4826 rerba
396 4758 561 4840 scriberet,
589 4760 625 4822 la
648 4759 766 4823 eastris
790 4759 898 4825 luisse.
934 4759 1092 4839 Quoniam
1116 4765 1224 4826 autem
1243 4761 1279 4824 L.
1322 4759 1485 4823 Munatius
1503 4759 1642 4824 Plancus
1660 4779 1688 4822 a.
1708 4765 1756 4824 54.
1774 4761 1900 4840 legatus
1926 4756 2075 4823 (lassaris

274 4871 346 4954 luit,
374 4876 510 4954 apparet
534 4889 606 4934 cum
629 4869 752 4952 aliquot
770 4871 864 4935 annis
882 4869 1086 4951 grandiorem
1105 4876 1184 4934 natu
1202 4869 1316 4953 luisse,
1343 4887 1438 4951 quarn
1456 4867 1638 4952 Horatium,
1666 4869 1810 4952 quicum
1836 4874 1909 4950 post
1933 4883 2074 4950 pugnam

274 4980 512 5063 Philippensem
536 4979 569 5044 in
588 4979 715 5045 Italiam
741 4979 891 5061 redisset,
919 4978 953 5042 in
975 4979 1045 5044 eius
1063 4979 1326 5046 consuetudinem
1343 4978 1471 5044 videtur
1488 4979 1625 5042 venisse.
1668 4979 1780 5061 Neque
1806 4978 1943 5043 alterurn
1967 4973 2075 5038 minus

274 5088 449 5154 verisimile
468 5093 517 5154 ost
539 5096 570 5152 et
591 5109 632 5154 en
650 5089 792 5153 carmine
819 5088 890 5170 ipso
917 5088 1018 5153 conici
1044 5095 1162 5174 potest,
1188 5089 1289 5155 fuisse
1307 5090 1343 5152 tle
1363 5087 1480 5164 Italia,
1507 5107 1578 5152 oum
1596 5087 1750 5153 Horatius
1775 5107 1905 5153 carmen
1932 5083 1974 5148 ad
2001 5104 2075 5150 enm

274 5197 426 5282 mitteret,
452 5198 640 5263 Munatium.
683 5196 759 5260 Fuit
780 5204 888 5261 autem
907 5231 947 5241 —
965 5217 1041 5263 narn
1064 5198 1193 5264 illorum
1220 5206 1398 5282 temporum
1422 5195 1577 5262 memoria
1601 5216 1665 5262 non
1690 5198 1797 5264 minus
1819 5216 1915 5281 qnam
1938 5193 2075 5260 Munatii
