4574 5868
1087 467 1106 528 7

1012 550 1181 562 -n

196 671 306 730 tunam
324 662 495 728 adversam
514 663 661 730 comitem
678 663 848 750 abnegat“,
877 687 972 751 quam
1003 667 1164 748 ,medicus
1189 663 1346 731 auxilium
1372 661 1655 756 hominisaegroti
1677 680 1742 727 non
1759 648 1999 745 repudiat,⁸nut

196 773 294 857 isqui
307 772 409 854 videt,
427 773 506 856 quin
523 792 639 840 osseus
655 775 748 841 dueis
763 796 896 843 munere
914 778 1079 862 iungatur,
1097 797 1161 844 non
1177 773 1335 850 reeusat“‚
1352 791 1456 856 neque
1473 791 1562 856 spem
1576 791 1672 854 egere
1684 770 1847 842 Fortunae
1859 779 1999 838 assecta

195 885 297 966 tione,
323 881 381 948 sed
399 881 575 950 Fortunam
592 885 677 969 spei,
704 904 808 968 panea
825 886 954 952 addam.
996 887 1082 966 Quid
1098 887 1199 971 enim,
1224 885 1252 951 si
1271 883 1439 950 Lehrsinm
1456 881 1632 965 sequimur,
1660 881 1694 946 id
1712 882 1775 947 sibi
1792 883 1880 948 vult:
1907 882 1934 948 si
1952 887 1999 958 ta,

195 993 347 1075 Fortuna,
364 991 445 1077 abis,
463 993 541 1059 illae
559 1014 624 1060 non
641 1000 800 1080 reeusant,
817 997 988 1079 quominus
1001 999 1093 1078 ipsas
1106 993 1289 1062 eomiteris?
1307 993 1359 1059 An
1373 991 1454 1076 Spes
1467 997 1500 1056 et
1511 990 1611 1057 Fides
1628 991 1751 1075 priores
1768 991 1859 1084 abire
1877 990 1998 1074 tingam-

196 1101 269 1167 tnr?
296 1102 411 1185 Neque
427 1101 508 1168 illud
526 1105 606 1169 satis
624 1111 699 1188 apte
717 1123 738 1169 a
755 1104 903 1172 Sehtltzio
920 1105 1000 1172 mihi
1017 1106 1145 1173 videtur
1163 1105 1294 1189 exponi:
1320 1103 1417 1188 Spem
1435 1109 1467 1169 et
1484 1097 1598 1166 Fidem
1614 1099 1696 1166 nihil
1714 1101 1908 1182 aliudesse,
1934 1101 1999 1167 nisi

197 1211 344 1276 homines
360 1213 473 1296 plenos
490 1211 594 1280 bonae
612 1214 681 1299 spei
698 1221 730 1280 et
747 1213 837 1280 fidei:
858 1215 1035 1282 Fortunam
1051 1224 1160 1298 putem
1178 1214 1358 1298 significare
1375 1211 1535 1294 homines,
1553 1211 1607 1294 qui
1625 1211 1659 1276 in
1677 1211 1809 1277 miseria
1822 1217 1998 1278 versentur.

198 1321 236 1387 In
254 1319 370 1403 quibus
387 1341 443 1386 eur
460 1319 565 1389 bonae
582 1325 653 1408 spei
669 1323 756 1408 pleni
774 1324 920 1391 homines
937 1325 971 1391 in
989 1325 1165 1392 infelieium
1183 1325 1335 1391 eomitatu
1353 1323 1428 1406 sint,
1455 1342 1527 1387 omn
1545 1320 1601 1386 rix
1617 1321 1817 1405 perspieitm,
1842 1329 1909 1386 tum
1927 1340 1997 1386 sen-

200 1430 303 1496 tentia
320 1429 529 1515 depravatur,
555 1433 618 1500 nisi
636 1432 732 1518 Spem
751 1439 784 1500 et
800 1433 915 1501 Fidem
932 1434 1013 1500 deas
1030 1433 1061 1500 b.
1078 1435 1098 1500 l.
1114 1435 1341 1518 intellegimus.
1383 1431 1539 1515 Denique,
1558 1437 1592 1496 ut
1609 1432 1644 1496 in
1662 1430 1809 1498 omnibus
1826 1430 1936 1513 rebus,
1955 1430 2001 1496 sie

202 1541 299 1607 etiam
326 1541 502 1624 imaginum
530 1541 645 1608 modus
670 1543 811 1626 oertique
837 1542 916 1609 fines
938 1551 1025 1628 sunt,
1051 1543 1166 1628 quibus
1182 1544 1375 1628 impedimur
1395 1541 1589 1623 ,Fortunam
1606 1547 1731 1606 mutata
1748 1548 1838 1610 veste
1855 1547 2001 1623 potentes

199 1650 311 1717 domos
328 1652 489 1736 linquere*
511 1652 556 1717 ita
573 1654 734 1738 aoeipere,
760 1659 796 1719 ut
812 1652 886 1720 illos
904 1659 1084 1721 statuamus
1101 1653 1179 1738 diei,
1209 1654 1263 1737 qui
1280 1652 1375 1719 rebus
1392 1651 1539 1717 aduersis
1555 1651 1659 1734 pressi
1677 1671 1717 1718 ex
1735 1651 1835 1718 divite
1853 1651 1947 1716 domo
1965 1650 1999 1714 in

201 1761 350 1826 exsilium
369 1797 410 1808 -
429 1763 520 1828 euius
537 1783 578 1828 ne
594 1763 729 1829 minima
746 1763 874 1846 quidem
901 1762 1091 1846 significatio
1109 1770 1158 1830 est
1177 1798 1217 1810 —
1235 1762 1494 1848 profioisoantnr:
1520 1761 1616 1826 immo
1644 1761 1740 1828 deam
1764 1763 1867 1847 ipsam
1894 1760 2001 1826 notari

199 1907 242 1917 —
260 1873 288 1937 si
306 1877 495 1954 argumento
513 1891 594 1956 opus
611 1879 660 1938 est
677 1907 717 1920 —
735 1873 805 1958 ipse
822 1879 918 1958 posta
936 1874 1139 1957 apertissime
1160 1873 1339 1940 deelaravit
1357 1873 1533 1950 ‚,iaimiea“
1552 1871 1711 1939 adieetiro
1729 1871 1889 1957 apposito,
1907 1870 2002 1955 quod,

201 1980 229 2046 si
249 1982 292 2064 ei,
310 1981 368 2065 qui
386 1980 419 2046 in
438 1981 586 2046 exsilium
603 1981 857 2066 protioisountur,
875 1983 1142 2066 signilioarentur,
1160 1982 1320 2049 sententia
1338 1983 1434 2066 plane
1452 1987 1584 2049 careret.

365 2087 634 2156 Prolieiseeudum
653 2091 731 2156 mibi
750 2093 876 2159 videtur
894 2093 928 2158 in
946 2093 1160 2178 explioatione
1178 2092 1273 2158 huius
1290 2093 1352 2158 loei
1370 2112 1390 2157 a
1409 2091 1540 2176 stropha
1564 2093 1714 2180 septima,
1739 2111 1802 2176 qua
1831 2091 1893 2174 eis,
1918 2109 2001 2174 quae

202 2199 411 2284 antecedunt,
437 2200 587 2265 eontrarii
604 2201 728 2284 ahquid
746 2203 901 2270 eontineri
920 2209 955 2267 at
971 2203 1129 2287 particula
1147 2201 1360 2284 signifieatur:
1386 2203 1496 2284 itaque
1522 2224 1593 2270 eum
1616 2204 1651 2268 in
1676 2222 1717 2269 ea
1738 2201 1869 2286 stropha
1897 2185 2001 2297 multi·

201 2307 277 2374 tudo
296 2308 471 2376 amisorum
496 2317 528 2376 et
545 2311 760 2390 convivarum,
786 2310 840 2378 ubi
867 2313 1067 2378 calamitates
1090 2313 1124 2377 in
1143 2311 1303 2378 hominem
1321 2311 1486 2396 irruerint,
1513 2313 1626 2379 eedere
1644 2319 1675 2378 et
1692 2311 1849 2394 diffugere
1866 2310 2002 2393 dicatur,

201 2417 333 2502 stropha
351 2417 456 2502 priore
474 2419 554 2485 nihil
572 2421 663 2487 aliud
680 2421 745 2486 diei
762 2427 882 2506 potest,
908 2422 971 2488 nisi
990 2423 1087 2490 etiam
1104 2424 1138 2487 in
1155 2421 1251 2488 rebus
1269 2419 1397 2488 aitliotis
1414 2423 1679 2506 miseriarumque
1701 2420 1794 2487 turba
1820 2419 2002 2487 inielieibus

201 2524 385 2592 hominibus
402 2525 542 2610 aliquem
564 2529 696 2594 adesse:
720 2531 754 2596 id
780 2532 879 2615 igitur
903 2533 1077 2599 tenendum
1102 2539 1237 2598 estnon
1259 2531 1361 2598 solum
1389 2533 1475 2596 ieter
1499 2553 1533 2597 ae
1559 2532 1719 2598 eontraria
1744 2551 1815 2598 esse
1832 2530 1929 2614 Spem
1947 2528 1999 2594 Fi·

202 2634 338 2719 demque
356 2642 388 2702 et
405 2637 533 2722 volgus,
559 2641 757 2724 meretriees,
785 2643 906 2710 amieos
921 2643 1063 2725 dolosos,
1089 2642 1147 2707 sed
1165 2641 1262 2708 etiam
1280 2661 1334 2725 ea,
1351 2661 1433 2724 quae
1449 2642 1586 2708 fatiant:
1613 2641 1707 2707 turba
1724 2642 1809 2708 enim
1828 2640 1886 2706 illa
1903 2636 2003 2704 infida

204 2763 275 2808 eum
293 2744 456 2832 diffugiat,
479 2747 560 2832 Spes
578 2757 609 2814 et
624 2749 723 2814 Fides
740 2759 907 2816 remanent
924 2750 1011 2835 apud
1034 2751 1178 2818 homines
1205 2751 1359 2817 infelices.
1401 2750 1489 2816 Haeo
1514 2752 1621 2817 omnia
1647 2759 1679 2818 et
1704 2749 1859 2816 facillima
1885 2747 1928 2813 ad
1954 2747 2002 2813 in·

205 2853 419 2936 tellegeudum
443 2863 476 2923 et
497 2859 667 2924 verissima
691 2858 769 2924 mihi
785 2859 947 2945 videntur,
972 2860 1029 2926 sed
1048 2859 1218 2943 quomodo,
1246 2859 1273 2925 si
1291 2878 1368 2924 vera
1386 2865 1474 2942 sunt,
1499 2864 1586 2924 stare
1610 2859 1711 2944 possit
1737 2856 1811 2924 colit
1835 2877 1911 2939 vox,
1936 2875 2002 2922 non

203 2962 363 3046 intellego.
408 2965 493 3044 Quid
516 2967 624 3032 enim?
658 2968 743 3033 Num
762 2968 843 3052 Spes
861 2978 894 3036 et
910 2970 1009 3036 Fides
1027 2991 1098 3036 eam
1115 2971 1211 3036 deam
1228 2968 1329 3033 colere
1347 3004 1387 3016 -
1405 2970 1440 3036 id
1456 2978 1506 3036 est
1522 2968 1708 3050 observare,
1734 2967 1904 3048 honorare,
1929 2965 2001 3030 dili-

202 3091 278 3154 gere
291 3107 334 3118 -
347 3081 480 3158 possunt
494 3075 571 3160 diei,
589 3095 610 3140 a
628 3097 691 3160 qna
708 3078 815 3144 verbis
831 3079 986 3162 proximis
1004 3080 1097 3162 louge
1112 3079 1259 3164 dispares
1277 3085 1309 3146 et
1326 3099 1362 3146 re
1380 3089 1412 3146 et
1429 3081 1522 3147 laetis
1536 3079 1697 3162 finguntur
1711 3085 1744 3144 et
1756 3075 2001 3144 deseribuntur?

203 3199 265 3262 quo
280 3181 351 3248 iure
369 3183 433 3248 diei
451 3190 557 3268 potest
575 3187 750 3254 Fortunam
768 3189 829 3254 ooli
846 3209 867 3253 a
886 3188 950 3274 Spe
967 3197 998 3255 et
1015 3189 1110 3272 Fide,
1127 3209 1210 3272 quae
1228 3189 1330 3274 primo
1349 3209 1474 3274 quoque
1492 3189 1677 3255 diserimine
1694 3188 1781 3272 apud
1798 3207 1885 3268 eum,
1907 3205 2001 3268 quem

202 3287 260 3356 illa
277 3292 433 3377 deseruit,
459 3303 625 3362 remanent
642 3317 776 3381 eumque
795 3300 1022 3367 eonsolantur‘?
1056 3301 1167 3383 Itaque
1186 3319 1378 3383 quamquam
1396 3301 1429 3366 iu
1446 3299 1634 3365 Horatianis
1652 3297 1847 3364 carminibus
1871 3296 2003 3380 seriptu-

203 3420 272 3465 ram
286 3401 453 3468 verborum
474 3412 594 3471 temere
609 3406 846 3474 sollicitandam
863 3429 935 3476 esse
951 3428 1152 3492 nequaquam
1170 3408 1307 3476 arbitror
1320 3409 1530 3493 plurimisque
1546 3410 1640 3492 loeis,
1658 3407 1686 3474 si
1704 3428 1757 3492 ea,
1776 3427 1859 3491 quae
1873 3411 2002 3490 praeter

202 3511 286 3576 ahos
298 3511 385 3578 viros
402 3513 512 3579 doetos
523 3515 700 3582 Teuffelius
718 3537 788 3584 eum
806 3521 882 3586 aliis
902 3520 982 3586 loeis
999 3527 1066 3584 tum
1083 3519 1117 3584 in
1130 3539 1167 3584 eo
1185 3516 1303 3604 libello,
1320 3539 1381 3602 quo
1398 3518 1577 3603 philologos
1590 3521 1711 3585 a.18'lti
1723 3516 1915 3600 Tubingiam
1931 3535 2002 3581 eon·

202 3619 371 3686 venientes
397 3624 564 3705 salutavit,
591 3627 782 3713 tenebimus,
807 3629 960 3695 librorum
988 3628 1212 3694 austeritatem
1230 3628 1360 3694 delendi
1387 3648 1483 3712 posse
1506 3648 1635 3712 censeo,
1663 3627 1723 3694 hoe
1745 3629 1815 3693 loeo
1833 3626 1908 3691 colit
1925 3631 2001 3709 apte

203 3730 357 3812 explicari
382 3751 476 3815 posse
492 3733 637 3819 despero.
679 3735 769 3814 Quae
795 3759 867 3804 eum
893 3739 940 3804 ita
966 3737 1043 3821 siut,
1068 3737 1386 3822 eireumspioiendum
1413 3739 1488 3824 erit,
1514 3759 1597 3822 quae
1623 3739 1707 3805 ratio
1733 3739 1817 3804 inter
1835 3735 1931 3820 Spem
1949 3732 2006 3824 Fi-⁴

202 3837 339 3924 demque
358 3847 389 3906 et
406 3839 582 3909 Fortunam
600 3845 786 3912 intercedat.
828 3848 900 3926 Qua
917 3849 952 3914 in
968 3868 1002 3914 re
1020 3848 1104 3914 duae
1122 3849 1224 3914 resin
1247 3847 1400 3914 iudioium
1417 3849 1564 3932 veniunt,
1591 3847 1789 3933 mythologie
1807 3847 1953 3912 Romana
1971 3851 2004 3908 et

204 3951 364 4016 sententia
382 3950 456 4016 huie
473 3954 542 4019 loeo
560 3961 646 4038 apta
687 3955 792 4038 Atque
810 3978 893 4041 quae
909 3958 950 4024 de
968 3958 1120 4041 vinceda,
1136 3955 1251 4041 quibus
1268 3955 1367 4024 Fides
1384 3965 1416 4024 et
1433 3958 1577 4024 Fortuna
1594 3959 1840 4040 eoniungantur,
1861 3953 2002 4020 inlibris

203 4055 369 4142 disputata
386 4067 473 4142 sunt,
495 4065 635 4128 maxima
652 4065 704 4130 vel
723 4067 807 4132 omni
825 4086 867 4132 ex
882 4075 974 4151 parte
991 4065 1033 4132 ab
1051 4066 1110 4133 hoe
1128 4068 1268 4134 earmine
1286 4069 1442 4151 originem
1462 4067 1597 4134 dueunt:
1616 4067 1697 4151 Spes
1714 4073 1822 4131 antem
1840 4065 1914 4130 lieet
1932 4085 2002 4148 pro

204 4167 352 4251 pinquior
370 4167 412 4234 sit
430 4167 605 4254 Fortunae,
628 4173 858 4257 posterioribus
875 4175 1003 4242 demum
1021 4176 1217 4259 temporibus
1235 4179 1339 4244 eultus
1357 4185 1388 4244 et
1405 4177 1533 4244 honoris
1546 4177 1731 4243 soeietatem
1749 4174 1912 4259 quandam
1931 4194 2003 4240 eum

203 4276 348 4343 Fortuna
365 4277 492 4345 ridetur
516 4280 624 4346 inisse.
665 4285 735 4350 Hae
752 4286 851 4368 igitur
868 4305 889 4352 a
905 4293 998 4370 parte
1016 4307 1087 4352 eum
1111 4306 1223 4369 parum
1251 4287 1407 4370 praesidii
1424 4285 1517 4352 nobis
1534 4293 1743 4371 eomparetur,
1770 4285 1878 4352 omnia
1894 4303 1915 4350 a
1933 4303 2004 4350 sen-

204 4387 306 4452 tentia
324 4393 356 4453 et
373 4389 498 4455 ratione
514 4391 654 4474 petenda
671 4401 752 4458 sunt
794 4397 907 4478 Itaque
925 4396 1076 4480 quoniam
1094 4415 1192 4480 supra
1209 4396 1497 4462 demonstravimus
1514 4395 1610 4481 Spem
1629 4403 1661 4463 et
1678 4395 1792 4461 Fidem
1818 4396 1905 4461 solas
1933 4412 2004 4458 esse

204 4497 336 4563 eomites
360 4498 524 4563 hominum
548 4498 740 4584 infelicium,
766 4523 851 4568 nune
877 4505 1063 4588 quaerenda
1089 4513 1139 4570 est
1160 4525 1223 4570 vox
1240 4479 1322 4588 quae
1340 4511 1373 4571 et
1396 4526 1467 4571 eum
1484 4505 1592 4574 verbis
1610 4508 1752 4572 comitem
1769 4505 1904 4586 abnegat
1929 4507 2004 4586 apte

203 4626 262 4690 per
280 4627 337 4671 nee
353 4608 545 4691 partioulam
564 4608 775 4694 ooniungatur
793 4618 825 4678 et
843 4615 1000 4696 quomodo
1018 4613 1099 4698 Spes
1117 4619 1149 4680 et
1166 4613 1265 4680 Fides
1282 4613 1316 4680 iu
1333 4614 1508 4682 Fortunam
1531 4637 1566 4683 se
1583 4625 1710 4700 gerant,
1736 4614 1902 4698 signilieet.
1944 4613 2004 4678 His

200 4722 313 4782 autem
328 4717 513 4802 postulatis,
541 4739 637 4803 quae,
665 4721 692 4787 si
711 4721 788 4804 quid
806 4724 915 4808 video,
941 4725 1026 4790 iuste
1049 4731 1136 4807 suut,
1162 4723 1249 4790 haud
1276 4724 1341 4789 seio
1369 4743 1412 4789 an
1439 4727 1530 4792 nulla
1555 4727 1671 4792 melius
1687 4725 1889 4808 respondeat,
1908 4742 2003 4805 quam

201 4825 358 4894 prooemii
374 4825 523 4911 verbum,
547 4829 656 4913 itaque
673 4832 795 4898 eouieio
813 4833 1014 4900 seribendum
1033 4855 1119 4915 esse,
1140 4833 1257 4914 ,Fides
1274 4834 1410 4916 omoet“,
1427 4834 1513 4916 qnod
1530 4854 1601 4899 eum
1619 4834 1778 4918 quispiam
1795 4853 1909 4921 purum
1926 4815 2002 4914 apte

204 4957 264 5022 per
282 4935 356 5002 colit
373 4937 600 5020 interpretetus
618 4947 713 5024 esset,
731 4939 789 5006 boo
805 4939 1120 5027 inverbasoriptoris
1137 4944 1263 5010 videtur
1281 4943 1461 5027 irrepsisse:
1478 4943 1586 5026 itaque
1603 4943 1667 5010 nisi
1684 4943 1874 5010 voosbmum
1892 4941 2002 5007 iuren-

204 5055 272 5112 tum
287 5047 360 5130 erit,
378 5045 463 5129 qnod
482 5055 513 5112 et
531 5049 709 5115 sententiae
726 5051 918 5134 respondeat
936 5056 967 5116 et
985 5053 1027 5118 ad
1046 5052 1198 5120 traditam
1212 5054 1402 5137 scripturam
1415 5053 1547 5138 propius
1564 5054 1711 5135 aeeedat,
1728 5073 1800 5120 eam
1814 5051 2002 5137 scripturam

204 5175 315 5222 veram
333 5177 404 5224 esse
422 5155 613 5240 putabimus.
