4574 5868
1011 487 1179 581 *2-3-

192 688 261 753 vita
288 685 369 752 satis
397 690 510 769 aperta
539 689 588 748 est
613 687 710 768 atque
738 686 897 770 explicata
915 721 956 732 —
974 687 1010 750 ia
1029 689 1146 752 castris
1164 685 1342 750 Munatius
1359 684 1396 746 ia
1414 680 1516 746 Italia
1534 677 1632 747 nullis
1655 674 1851 760 temporibus
1869 685 1997 760 praeter

194 819 223 864 a.
233 799 368 860 42-40.
402 795 515 876 Itaque
532 812 553 857 a
570 794 706 861 veritate
722 794 894 862 abhorrere
911 817 975 862 uon
992 797 1118 863 videtur
1135 796 1201 862 illis
1219 792 1416 877 temporibus
1432 791 1611 856 Munatium
1628 787 1670 852 ab
1688 787 1820 852 Horatio
1839 786 1994 851 monitum

194 928 281 989 esse,
297 911 332 971 ut
348 905 383 971 in
402 904 498 969 Italia
516 910 697 969 remaneret
714 916 812 988 atque
830 904 999 972 Octaviani
1017 906 1144 971 veniam
1162 906 1366 988 impetraret:
1389 901 1423 966 id
1440 906 1548 966 autem
1567 898 1704 964 suadere
1718 917 1783 964 non
1800 895 1915 979 potuit,
1931 896 1995 964 nisi

192 1017 379 1100 priusquam
397 1034 449 1079 res
466 1013 509 1078 ad
527 1033 685 1078 summum
702 1015 858 1099 venisset,
877 1016 933 1082 illo
951 1015 1049 1098 igitur
1071 1022 1211 1099 tempore
1229 1034 1301 1079 cum
1318 1012 1464 1096 Agrippa
1485 1009 1689 1075 condiciones
1713 1003 1907 1088 ferebam),
1932 1025 1997 1070 non

195 1127 252 1190 illo
269 1131 424 1207 tempore,
444 1143 514 1187 cum
533 1122 568 1186 in
585 1142 622 1187 eo
641 1129 724 1205 erat,
753 1130 787 1189 ut
803 1126 944 1192 Plancus
962 1146 1034 1190 cum
1053 1124 1171 1190 Fulvia
1187 1125 1221 1190 in
1240 1123 1410 1190 Graeciam
1428 1122 1562 1203 fugeret.
1596 1116 1689 1196 Quod
1708 1117 1735 1181 si
1753 1115 1893 1199 Franks,
1911 1136 1940 1179 v.
1959 1115 1998 1198 d,

196 1233 374 1316 contendit,
400 1232 546 1316 componi
568 1231 649 1296 illud
670 1252 800 1298 carmen
822 1255 887 1300 non
909 1235 1066 1319 potuisse,
1088 1235 1273 1318 priusquam
1292 1232 1430 1297 Plancus
1449 1230 1491 1294 ad
1509 1227 1677 1296 Octaviani
1694 1233 1804 1310 partes
1820 1225 1999 1310 transisset,

194 1351 261 1408 toto
279 1342 419 1407 carmine
437 1339 518 1406 nihil
536 1341 675 1425 reperi0,
700 1363 755 1408 cur
774 1344 821 1408 ita
838 1343 1043 1410 statuendum
1062 1345 1120 1409 sit:
1144 1343 1221 1426 quid
1239 1341 1324 1426 quod
1341 1339 1515 1407 verbasco
1533 1344 1619 1402 te-
1635 1342 1743 1400 castro
1761 1339 1870 1400 teneat
1887 1341 1998 1419 aperte

196 1453 273 1518 buic
299 1452 478 1518 sententiae
504 1452 709 1534 repugnant?
737 1451 828 1531 Quae
845 1474 916 1519 cum
940 1455 985 1518 ita
1010 1454 1088 1538 sint,
1114 1453 1234 1538 optimo
1257 1452 1327 1518 iure
1352 1449 1445 1516 nobis
1470 1449 1616 1515 videmur·
1641 1445 1766 1530 opinari
1791 1465 1896 1528 neque
1922 1452 1998 1510 ante

197 1582 314 1627 anuum
333 1565 383 1624 41.
401 1581 506 1644 neque
532 1567 604 1642 post
626 1560 823 1628 deditionem
841 1563 995 1628 Perusiae
1012 1562 1072 1628 boc
1093 1583 1222 1629 carmen
1240 1561 1282 1626 ab
1299 1560 1432 1626 Horatio
1449 1558 1493 1624 ad
1510 1557 1688 1623 Munatium
1706 1554 1859 1620 Plancum
1887 1553 1998 1619 datum

197 1691 276 1753 esse,
294 1669 352 1736 sed
370 1691 408 1736 eo
426 1678 577 1755 tempore,
596 1691 658 1754 quo
672 1672 728 1736 ille
738 1673 823 1738 inter
833 1670 1001 1738 Octaviani
1020 1693 1087 1738 rem
1103 1679 1135 1737 et
1145 1671 1264 1736 Antoni
1282 1671 1424 1735 animum
1442 1669 1613 1749 ancipitem
1631 1664 1771 1749 gerebat.
1806 1662 1910 1742 Quam
1928 1684 1998 1729 sen-

195 1780 328 1845 tentiam
346 1780 444 1846 etiam
461 1781 556 1844 aratri
573 1781 675 1846 forma
692 1781 820 1848 videtur
839 1780 992 1865 probare:
1017 1782 1104 1847 idem
1121 1781 1207 1846 enim
1225 1786 1360 1845 metrum
1379 1785 1427 1844 est
1444 1784 1540 1861 atque
1558 1776 1653 1861 epodi
1667 1780 1715 1840 12.
1731 1781 1763 1838 et
1780 1773 1930 1839 carminis
1949 1776 1998 1838 28.

197 1888 422 1972 quodquidam
440 1909 587 1973 carmen,
604 1910 796 1974 quamquam
810 1892 900 1957 varie
919 1898 951 1957 et
968 1893 1219 1976 interpretantur
1237 1898 1268 1956 ct
1286 1889 1460 1973 explicant,
1477 1908 1601 1972 omues,
1618 1885 1704 1969 quod
1722 1885 1835 1967 sciam,
1852 1882 1999 1948 homiues

71 2073 82 2094 .
197 1999 282 2065 docti
301 1999 335 2064 in
352 1999 503 2083 primitiis
522 2000 635 2065 Musae
652 2001 851 2066 Horatianae
869 2001 1088 2067 collocandum
1108 2019 1179 2066 esse
1196 2005 1336 2065 censent.
1379 1999 1492 2082 Neque
1509 1999 1543 2064 in
1561 2017 1600 2064 ea
1617 2017 1653 2062 re
1671 1992 1850 2075 Kiesslingi
1872 1991 1998 2057 subtilis

196 2131 247 2174 me
261 2117 367 2174 movet
383 2109 558 2191 disputatio
573 2109 732 2175 censentis
742 2111 754 2149 ²
764 2107 793 2192 1)
812 2110 1023 2176 imitationem
1036 2130 1108 2175 esse
1123 2110 1258 2174 alteram
1276 2109 1426 2174 carminis
1440 2115 1563 2193 partem
1572 2106 1830 2189 Vergilianorum
1848 2123 1998 2169 versuum

196 2219 276 2284 Aen.
291 2221 316 2302 1,
337 2221 512 2300 raa-206,
530 2220 707 2301 Vergilium
724 2227 833 2284 autem
850 2239 963 2285 versus
980 2219 1166 2286 Homerique
1183 2219 1350 2286 imitatum.
1390 2217 1463 2297 Qua
1480 2220 1512 2284 iu
1531 2239 1566 2284 re
1584 2235 1775 2301 quamquam
1792 2212 1834 2277 de
1853 2211 1998 2278 similitu-

196 2329 272 2414 dine
289 2329 467 2412 consentio,
483 2327 517 2408 id
534 2347 669 2412 quaero,
687 2350 743 2395 cur
759 2329 928 2413 Horatius,
946 2350 1038 2413 quem
1053 2328 1225 2394 Homerum
1242 2329 1415 2394 memoriae
1433 2327 1514 2394 bene
1531 2326 1718 2393 mandatum
1736 2322 1887 2388 habuisse
1904 2341 1998 2387 nemo

196 2447 308 2522 negat,
331 2439 397 2504 illis
413 2437 525 2521 primis
543 2438 739 2522 temporibus
757 2437 872 2522 quibus
890 2439 993 2521 magis
1011 2458 1107 2521 quam
1124 2444 1237 2522 postea
1254 2458 1294 2503 ex
1312 2438 1446 2504 Graecis
1464 2438 1631 2520 penderet,
1651 2436 1824 2502 Homerum
1842 2433 1911 2514 ipse
1929 2430 1999 2494 imi·

117 2585 121 2596 ·
196 2549 259 2612 tari
284 2569 348 2614 nou
373 2548 520 2633 potuerit.
564 2547 615 2612 Ad
642 2550 788 2615 ultimum
815 2549 919 2613 venio.
962 2548 1026 2615 Cur
1043 2548 1159 2613 Teucri
1177 2549 1357 2629 exemplum
1383 2547 1581 2632 propositum
1605 2546 1661 2626 sit,
1689 2543 1861 2628 quaeritur.
1904 2537 1997 2619 Quod

196 2657 299 2739 potuit
317 2659 460 2740 proferre
477 2659 630 2742 amplius,
648 2659 793 2740 gravius,
811 2656 1091 2724 honorificentius?
1120 2658 1243 2722 Teucro
1262 2658 1363 2754 estsin
1376 2657 1495 2724 fabulis
1508 2658 1622 2740 culpae
1641 2675 1712 2722 esse
1730 2652 1897 2733 tributum,
1914 2647 1997 2733 quod

205 2786 269 2830 non
287 2765 366 2830 satis
383 2767 436 2849 pie
454 2786 532 2848 erga
550 2766 681 2832 fratrem
700 2787 734 2832 se
752 2768 922 2850 gessisset,
948 2767 1092 2831 Munatio
1118 2766 1196 2832 item
1223 2762 1375 2850 scriptum
1401 2767 1539 2849 legimus
1564 2766 1643 2830 vitio
1671 2783 1741 2830 esse
1767 2762 1889 2843 datum,
1913 2756 1998 2841 quod

200 2873 300 2939 irater
313 2875 347 2939 in
360 2874 644 2958 proscriptionibus
658 2876 783 2942 occisus
797 2882 889 2941 esset.
916 2876 999 2942 Nolo
1013 2875 1106 2959 plura
1119 2876 1159 2942 de
1173 2875 1234 2942 bac
1248 2897 1282 2943 re
1297 2878 1411 2960 dicere,
1425 2878 1501 2960 quia
1515 2876 1580 2940 iam
1594 2893 1692 2959 supra
1706 2869 1882 2954 significavi
1896 2887 1998 2950 neque

198 3001 237 3046 ex
254 2982 357 3051 Vellei
380 2987 571 3051 auctoritate
588 2987 767 3052 Munatium
790 3007 861 3053 esse
880 2987 1155 3052 ooudemnandum
1181 3007 1285 3068 neque
1308 2993 1400 3052 tanta
1418 2986 1529 3068 laude,
1553 2990 1674 3069 quanta
1692 2977 1908 3060 Kiessliugius
1928 2995 1999 3042 cen·

198 3097 276 3174 seat,
294 3111 366 3156 eum
380 3112 452 3158 esse
465 3093 607 3176 dignum.
642 3095 746 3161 Huius
764 3097 863 3177 igitur
880 3097 926 3162 rei
944 3097 1099 3162 memoria
1117 3103 1149 3161 et
1163 3097 1294 3162 tristitia
1311 3116 1409 3180 saepe
1427 3117 1499 3162 cum
1518 3095 1658 3161 omnium
1677 3086 2000 3171 rerumpublicarum

196 3200 305 3267 taedio
323 3203 466 3266 animum
483 3203 619 3269 Munatii
637 3205 763 3270 videtur
781 3205 919 3290 subisse,
946 3206 1044 3289 unde,
1071 3212 1105 3270 ut
1122 3227 1195 3271 eum
1214 3207 1380 3288 excitaret,
1404 3205 1489 3289 quod
1512 3203 1694 3286 exemplum
1720 3202 1824 3285 magis
1848 3195 1998 3261 idoneum

196 3310 299 3392 potuit
315 3311 458 3392 prolerre
476 3313 641 3396 Horatius,
659 3332 757 3395 quam
774 3316 889 3381 Teucri
907 3315 995 3379 illius
1013 3315 1118 3382 herois
1137 3325 1169 3380 et
1185 3315 1305 3396 fratris
1322 3334 1431 3380 amore
1447 3313 1584 3394 insignis
1602 3320 1634 3378 et
1651 3313 1721 3378 sine
1739 3313 1806 3378 ulla
1828 3333 1887 3380 sua
1905 3313 1999 3397 culpa

195 3438 216 3483 a
232 3429 324 3502 patre
342 3426 471 3504 propter
488 3422 685 3505 impietatem
703 3424 737 3488 in
755 3424 886 3489 tratrem
903 3423 1023 3490 editam
1042 3427 1076 3491 in
1095 3424 1243 3490 exsilium
1263 3424 1407 3508 expulsi?

362 3529 426 3594 Sed
453 3530 496 3594 ad
519 3532 697 3614 particulas
721 3533 901 3600 redeamus.
940 3534 988 3600 Ac
1009 3535 1146 3618 primum
1165 3532 1293 3616 quidem
1310 3533 1467 3617 quomodo
1493 3534 1528 3599 in
1556 3533 1668 3617 primis
1685 3531 1832 3599 versibus
1858 3532 1999 3599 membra

196 3635 419 3702 distribuenda
437 3639 500 3705 sint
518 3660 557 3706 ex
574 3641 636 3723 eis,
662 3662 745 3724 quae
763 3662 861 3725 supra
879 3643 1115 3727 disputavimus
1133 3651 1285 3729 apparet:
1311 3645 1441 3727 quodsi
1459 3644 1502 3709 ad
1528 3663 1657 3709 versum
1681 3646 1728 3706 13.
1747 3643 1915 3708 Nauckius
1942 3662 1999 3727 per

196 3763 234 3806 ac
260 3744 451 3826 particulam
478 3748 652 3814 secuudum
677 3749 853 3816 membrum
880 3754 1022 3837 suppleri
1041 3753 1132 3837 dicit,
1159 3773 1223 3819 non
1247 3754 1326 3819 satis
1348 3763 1423 3838 apte
1441 3753 1569 3820 videtur
1586 3753 1743 3836 iudicare,
1768 3772 1845 3817 nam
1872 3752 1905 3817 id
1932 3760 1998 3817 tum

197 3854 300 3918 solum
319 3875 430 3920 verum
448 3865 547 3941 esset,
576 3859 603 3923 si
626 3861 659 3924 iu
681 3861 738 3926 illo
755 3862 828 3926 luco
844 3862 972 3946 fuisset,
1000 3871 1035 3928 ut
1052 3863 1187 3929 Anienis
1205 3883 1309 3947 aquae
1326 3863 1541 3930 deicerentur:
1566 3884 1653 3929 nune
1677 3883 1753 3928 vero
1781 3863 1864 3926 inter
1889 3882 1999 3929 omnes

196 3969 321 4028 constat
339 3963 373 4028 in
390 3965 499 4030 media
518 3967 596 4034 urbe
614 3970 772 4035 Anienem
790 3971 1000 4055 praecipitem
1018 3993 1053 4038 se
1071 3973 1213 4056 dedisse,
1239 3975 1346 4038 lucum
1363 3981 1453 4039 extra
1471 3973 1582 4039 urbem
1602 3973 1712 4038 fuisse.
1754 3970 1845 4050 Quae
1863 3992 1933 4036 cum
1952 3973 1998 4038 ita

197 4071 275 4152 siut,
290 4092 354 4137 non
372 4077 451 4158 tres,
470 4075 527 4140 sed
545 4085 694 4159 quattuor
712 4099 764 4144 res
781 4077 922 4146 hocloco
940 4083 1098 4164 appellari
1111 4082 1282 4149 dicendum
1302 4091 1364 4167 est,
1381 4085 1510 4149 domum
1524 4081 1708 4164 Albuneae,
1727 4082 1863 4147 Anienis
1880 4102 1999 4166 casum,

196 4178 331 4246 Tiburni
349 4183 466 4266 lurum,
490 4186 652 4268 pomaria:
677 4207 715 4251 oc
733 4188 924 4271 particulam
943 4197 1051 4255 autem
1069 4190 1110 4255 ab
1127 4192 1260 4256 Horatio
1277 4194 1455 4259 variandae
1474 4193 1628 4259 orationis
1647 4211 1745 4256 causa
1763 4211 1834 4256 esse
1852 4191 2000 4274 positam.

363 4290 517 4358 Similiter
534 4293 742 4362 iudicandum
760 4307 810 4363 est
824 4299 849 4381 I,
867 4301 917 4382 28,
936 4301 955 4361 2
974 4297 1029 4362 ubi
1047 4321 1111 4365 non
1131 4300 1224 4378 duce,
1244 4321 1416 4384 earumque
1434 4302 1537 4368 altera
1551 4300 1717 4385 bipartita,
1734 4299 1792 4365 sed
1810 4304 1874 4364 tres
1890 4310 2000 4384 partes
2040 4303 2059 4368 'J

194 4398 402 4481 accipiendae
416 4411 507 4467 sunt:
525 4423 601 4469 uam
614 4404 649 4469 id
663 4413 748 4470 certe
766 4414 861 4489 poeta
880 4428 986 4474 secum
1003 4429 1067 4474 non
1086 4409 1247 4493 reputavit
1265 4431 1304 4476 ex
1317 4411 1398 4474 mari
1417 4417 1448 4475 et
1462 4418 1547 4476 terra
1561 4409 1669 4476 orbem
1683 4417 1826 4474 nostrum
1841 4417 1998 4476 terrarum

197 4516 342 4575 constare
359 4545 401 4554 -
418 4513 469 4576 cui
488 4513 646 4595 quomodo
664 4516 782 4597 opponi
800 4518 939 4599 potuerit
953 4517 1076 4582 barcae
1094 4537 1187 4583 nemo
1205 4519 1351 4584 ridet-
1370 4519 1428 4584 sed
1444 4520 1516 4604 illa,
1543 4539 1626 4602 quae
1643 4518 1833 4584 difficillima
1851 4518 1997 4585 omnibus

194 4615 345 4683 ridentur
367 4639 439 4686 esse
456 4622 498 4690 ad
518 4623 716 4689 metiendum
735 4644 840 4709 mare,
861 4632 992 4710 terram,
1016 4626 1169 4692 harenam
1187 4626 1359 4710 -quippe
1376 4648 1473 4710 quam
1494 4629 1528 4695 in
1549 4637 1721 4713 conspectu
1743 4628 1861 4696 babeat
1884 4630 1922 4712 is,
1943 4627 1999 4711 qui

195 4724 334 4808 loquitur
352 4763 391 4772 -
410 4749 561 4798 emensus
578 4753 650 4798 esse
668 4733 784 4799 dicitur
800 4733 969 4812 Archytas.

361 4837 484 4905 Eadem
503 4861 555 4907 res
573 4848 623 4906 est
643 4841 807 4927 111,r‚45
826 4840 881 4908 ubi
904 4843 1057 4909 Horatius
1075 4844 1201 4928 imperii
1219 4846 1306 4912 Iovis
1323 4847 1586 4944 magnitudinem,
1604 4854 1639 4912 ut
1665 4846 1818 4931 celebret,
1835 4853 1901 4912 tres
1924 4847 1999 4911 illas
2031 4855 2049 4922 ζῐ
2111 4887 2116 4904 .
2143 4874 2150 4884 ·

195 4949 306 5025 partes
323 4947 468 5029 appellat
484 4970 585 5032 mare,
608 4948 718 5036 urbes,
741 4972 842 5036 regna
859 4953 973 5018 tristia.
1014 4953 1196 5020 Artificiosa
1213 4975 1292 5022 sane
1310 4956 1436 5022 videtur
1454 4977 1495 5022 ea
1512 4957 1697 5040 explicatio,
1715 4977 1778 5039 qua
1795 4975 1885 5022 mare
1903 4953 1999 5021 urbes

197 5053 448 5067 *—

361 5097 406 5161 20)
423 5096 578 5168 Drumann,
596 5099 698 5155 Gescb.
716 5102 803 5157 Home
821 5105 843 5171 l,
860 5105 919 5157 413.

363 5181 406 5246 21)
425 5182 443 5234 l.
462 5183 479 5236 l.
498 5199 523 5252 p.
542 5186 584 5237 61.
