4574 5868
1010 481 1179 573 *n—

190 672 217 738 si
230 691 311 738 vera
328 677 427 756 esset,
445 674 544 739 etiam
562 674 597 739 id
610 674 780 742 dicendum
798 681 884 743 esset
901 677 1069 744 Horatium
1087 680 1178 745 aliud
1196 679 1318 745 ordinis
1336 680 1503 746 eonsilium
1522 681 1635 766 inisse,
1653 702 1757 766 neque
1774 683 1870 750 unius
1887 693 1997 750 auoto-

189 782 296 849 ritatis
313 783 347 849 in
365 782 430 848 illis
448 783 643 850 carminibus
661 785 857 852 collocandis
875 787 1031 854 rationem
1049 786 1209 854 habuisse.
1249 789 1355 856 Unum
1382 798 1489 855 autem
1507 789 1567 856 hac
1586 791 1619 856 in
1638 811 1673 857 re
1689 792 1765 857 item
1793 795 1995 862 animadver-

190 893 322 958 tendum
344 899 410 958 est:
436 891 465 958 si
483 891 543 959 hoe
565 914 675 960 verum
700 901 750 962 est
766 931 810 940 —
827 915 931 980 neque
957 917 1017 980 ego
1044 899 1231 981 negaverim
1248 898 1475 965 -Horatium
1503 901 1650 985 inprimis
1677 901 1711 966 id
1737 903 1878 970 carmine
1905 911 1994 969 sexto

189 1001 371 1086 significare
388 1001 543 1087 imparem
560 1024 596 1069 se
615 1025 686 1070 esse
704 1006 844 1087 graviori
863 1008 944 1072 artis
961 1007 1107 1091 poeticae
1134 1009 1272 1092 muneri,
1299 1008 1356 1074 sed
1383 1009 1470 1075 levia
1495 1010 1639 1076 carmina
1664 1013 1823 1078 amatoria
1840 1020 1873 1078 et
1890 1013 1996 1078 eonvi-

189 1113 276 1178 valia
303 1132 506 1196 componere,
533 1114 689 1196 quomodo
712 1113 773 1181 boe
798 1137 869 1182 cum
897 1137 953 1182 sex
978 1117 1090 1200 primis
1118 1117 1315 1184 carminibus
1332 1118 1405 1184 libri
1430 1120 1515 1184 tertii
1534 1119 1702 1185 convenit?
1736 1121 1825 1186 Haec
1851 1122 1934 1188 inter
1960 1143 1995 1190 se

190 1229 253 1289 tarn
273 1243 387 1307 parum
404 1223 609 1306 conveniunt,
636 1231 672 1290 ut
689 1224 751 1308 eis,
769 1226 822 1307 qui
841 1233 907 1291 tres
925 1225 1044 1310 primos
1065 1224 1164 1292 libros
1181 1247 1247 1294 una
1265 1229 1299 1296 in
1316 1228 1419 1294 lucem
1443 1226 1485 1294 ab
1502 1229 1636 1295 Horatio
1654 1230 1758 1297 editos
1777 1251 1848 1296 esse
1865 1239 1994 1316 negant,

189 1353 251 1398 uon
269 1331 469 1398 levissimum
487 1332 684 1417 praesidium
703 1334 778 1399 oriri
797 1334 953 1402 videatur.
993 1337 1103 1418 Longe
1122 1336 1217 1402 aliter
1234 1357 1287 1404 res
1305 1358 1339 1403 se
1357 1337 1510 1423 habebat,
1528 1338 1556 1403 si
1575 1358 1658 1404 nova
1673 1339 1831 1422 quaedam
1850 1341 1993 1407 collectio

189 1442 365 1508 carminum
390 1451 486 1527 atque
513 1462 553 1509 ea
579 1463 643 1509 non
671 1445 788 1527 exigua
813 1446 944 1529 prodiit,
972 1443 1087 1527 quibus
1109 1446 1165 1511 ille
1183 1453 1363 1514 tenerorum
1381 1449 1542 1532 quondam
1564 1449 1653 1514 lusor
1678 1469 1822 1514 amorum
1850 1451 1994 1517 carmina

189 1573 251 1618 non
270 1552 360 1636 prius
377 1551 491 1618 audita
508 1551 688 1635 virginibus
705 1555 876 1638 puerisque
893 1553 1070 1621 cantabat?
1105 1555 1170 1622 Sed
1187 1557 1262 1622 nolo
1287 1556 1371 1623 hane
1388 1558 1608 1640 quaestionem
1633 1557 1772 1622 omnium
1800 1560 1894 1642 longe
1912 1558 1993 1624 diffi-

189 1663 340 1728 cillimam
352 1681 490 1744 movere,
508 1662 590 1727 illud
608 1671 716 1730 tamen
734 1671 769 1730 ut
786 1685 916 1749 prorsus
934 1672 1083 1749 tacerem,
1098 1683 1120 1729 a
1136 1685 1188 1730 me
1206 1667 1378 1751 impetrare
1396 1688 1459 1735 non
1477 1667 1576 1752 potui.
1615 1667 1692 1733 Post
1706 1667 1884 1734 Munatium
1898 1668 1992 1735 Plan-

190 1792 269 1856 cum,
287 1792 380 1855 quem
399 1791 463 1838 non
480 1772 587 1838 minus
604 1773 699 1857 iacta,
717 1792 813 1856 quam
824 1774 966 1840 Velleius
979 1775 1168 1840 Paterculns
1187 1775 1413 1860 condemnant,
1431 1796 1473 1843 ne
1490 1776 1709 1859 Kiesslingius
1726 1777 1855 1860 quidem
1872 1779 1905 1845 in
1920 1798 1994 1859 pcr-

190 1883 280 1946 soois
297 1882 441 1948 ordinem
459 1881 619 1966 quondam
638 1889 670 1948 et
687 1882 816 1949 modum
833 1883 941 1951 inesse
958 1883 1074 1950 docere
1093 1885 1231 1950 studuit:
1257 1891 1429 1952 metrorum
1447 1885 1604 1952 rationem
1622 1884 1734 1951 habuit
1751 1893 1847 1969 atque
1870 1886 1931 1952 hae
1958 1889 1992 1954 in

189 2012 223 2058 re
240 1991 350 2057 mirari
369 1991 450 2057 satis
468 2013 533 2058 non
549 2013 693 2077 possum,
710 2013 806 2077 quam
824 1995 993 2078 praeclara
1009 1992 1226 2076 disputatione
1244 2014 1374 2060 carmen
1391 2015 1509 2061 nouum
1527 1997 1698 2062 ornaverit
1741 1993 1889 2062 Carmine
1907 2017 1990 2064 nono
2008 2009 2018 2030 '

72 2121 76 2134 ·
191 2099 349 2166 (1111111111
367 2107 398 2167 11
416 2101 579 2168 Lucienus
593 2102 710 2168 Mdller
736 2102 880 2168 ordinem
906 2123 1016 2168 eorum
1044 2103 1232 2188 carminum,
1255 2123 1338 2189 quac
1355 2105 1509 2172 Horatius
1534 2111 1569 2170 ut
1590 2105 1780 2170 varietatem
1805 2105 1884 2170 artis
1913 2125 1991 2172 suae

188 2209 434 2295 demonstraret,
452 2211 556 2294 prima
574 2232 646 2279 esse
659 2213 775 2296 voluit,
793 2212 975 2278 finiverunt:
993 2213 1125 2297 iniuria,
1143 2220 1179 2278 ut
1190 2213 1318 2280 videtur
1328 2213 1534 2298 Kiesslingio,
1553 2217 1631 2297 iure,
1650 2222 1685 2280 ut
1703 2215 1790 2281 mihi.
1821 2215 1991 2282 Diversam

189 2321 274 2386 enim
292 2341 364 2387 1111
383 2328 476 2404 putat
492 2322 542 2387 vir
559 2321 615 2388 ille
634 2321 836 2388 doctissimus
854 2323 947 2388 metri
965 2323 1120 2388 rationem
1140 2325 1291 2390 carminis
1308 2324 1423 2389 decimi
1441 2323 1483 2389 ab
1501 2325 1637 2391 aliorum
1660 2324 1836 2391 carminum
1854 2323 1990 2408 Sapphi-

187 2450 295 2496 corum
323 2431 447 2497 ratione
474 2429 616 2498 metrica.
656 2431 704 2498 Ao
721 2433 858 2513 primum
877 2431 1017 2517 quidem,
1044 2451 1148 2499 nonne
1172 2433 1288 2498 mirum
1310 2440 1409 2516 esset,
1435 2434 1462 2499 si
1480 2433 1634 2499 Horatius
1660 2434 1755 2500 unius
1781 2433 1989 2518 eiusdemque

188 2542 279 2606 metri
298 2541 401 2606 iorma
424 2541 458 2607 in
475 2541 589 2623 viginti
608 2540 732 2608 duobus
754 2541 948 2608 carminibus
975 2541 1128 2607 librorum
1151 2543 1246 2607 trium
1265 2542 1365 2609 vicies
1382 2543 1496 2626 semel,
1522 2543 1627 2610 altera
1653 2543 1751 2609 semel
1777 2564 1855 2610 usus
1883 2541 1989 2612 esset?

187 2649 300 2732 Neque
314 2670 390 2716 vero
404 2656 453 2718 est
471 2649 538 2715 alia
555 2651 675 2716 forma:
694 2671 769 2718 nam
786 2651 892 2736 ipsum
911 2651 1089 2736 proximum
1107 2671 1235 2716 carmon
1252 2650 1379 2716 initium
1397 2653 1483 2736 capit
1500 2672 1521 2718 a
1539 2673 1635 2719 versu
1654 2653 1791 2719 eundem
1809 2655 1844 2720 in
1860 2653 1989 2720 modum

189 2761 371 2842 composito.
413 2759 456 2826 At
474 2766 539 2824 tres
556 2779 682 2843 versus,
709 2761 812 2843 inquit
830 2760 1061 2844 Kiesslingius,
1089 2760 1240 2825 carminis
1258 2759 1290 2824 X
1309 2779 1348 2825 ex
1365 2761 1547 2843 quindecim
1575 2781 1725 2827 versuum
1750 2783 1882 2830 numero
1907 2769 1989 2846 sunt,

189 2866 222 2932 in
240 2866 354 2950 quibus
372 2876 443 2953 post
461 2876 585 2934 sextam
604 2866 763 2954 syllabam
783 2888 917 2952 caesura
935 2869 1088 2953 sequitur.
1130 2867 1203 2947 Qua
1219 2867 1253 2932 in
1271 2887 1307 2934 re
1325 2868 1405 2934 illud
1427 2888 1540 2938 censeo
1563 2888 1628 2934 non
1656 2889 1728 2936 esse
1754 2871 1988 2953 neglegendum

186 2977 298 3057 quinta
321 2977 449 3063 syllaba
474 2977 664 3044 vocabulum
692 2980 796 3062 ipsum
819 2977 915 3063 finiri,
941 2985 1062 3045 sextam
1081 2999 1153 3044 esse
1175 2977 1272 3061 ,que“
1292 2977 1499 3060 particulam:
1526 2997 1623 3062 quam
1642 2977 1769 3062 quidem
1789 2998 1855 3043 rem
1873 2980 1920 3044 ita
1937 3001 1988 3046 ae·

185 3084 367 3168 cipiendam
386 3107 457 3154 esse
474 3095 551 3170 puto
569 3093 665 3172 atque
683 3087 724 3154 ab
740 3087 887 3155 omnibus
904 3089 985 3153 artis
1001 3089 1153 3155 metricae
1170 3087 1284 3170 peritis
1300 3095 1466 3172 acceptam
1485 3108 1571 3171 esse,
1589 3093 1625 3152 ut
1642 3089 1704 3154 etsi
1717 3108 1813 3154 voees
1826 3089 1904 3156 illae
1920 3096 1987 3156 tam

185 3202 253 3262 arte
277 3218 349 3263 cum
367 3197 430 3280 eis,
456 3216 539 3280 quae
556 3199 767 3282 praecedunt,
794 3195 925 3263 vocibus
944 3197 1185 3280 coniungendae
1203 3197 1282 3282 sint,
1310 3204 1345 3262 ut
1371 3197 1406 3262 in
1429 3217 1527 3264 unum
1544 3196 1736 3264 vocabulum
1754 3198 1988 3282 quodammodo

185 3307 381 3392 coalescant,
399 3307 479 3372 satis
498 3312 606 3372 tamen
624 3308 837 3375 excusationis
855 3305 973 3372 habere
991 3306 1099 3374 dicant
1116 3326 1295 3390 caesuram,
1313 3326 1377 3372 non
1395 3308 1502 3373 minus
1519 3326 1615 3390 quam
1630 3307 1654 3390 Ι,
1668 3309 1697 3389 1,
1715 3309 1755 3371 34
1774 3305 1877 3385 Quam
1895 3309 1989 3375 Iocus

185 3415 402 3501 circumlvolat
431 3422 462 3482 ot
484 3416 621 3503 Cupido,
647 3417 672 3502 I,
692 3420 739 3502 16,
757 3421 795 3483 21
821 3417 945 3484 Hostile
971 3422 1113 3482 aratrum
1146 3413 1313 3499 exlereitus
1345 3417 1500 3500 insolens,
1525 3415 1884 3501 qualescanque
1910 3416 1989 3484 fides

183 3525 334 3611 prodiga,
359 3527 562 3610 perlucidior
592 3528 689 3612 vitro,
725 3528 766 3608 ll,
786 3529 833 3610 12,
856 3530 896 3591 25
921 3529 1006 3592 Dum
1031 3525 1202 3608 flagrantia
1228 3523 1403 3610 deltorquet
1429 3525 1473 3590 ad
1495 3528 1605 3592 oscula
1626 3525 1790 3610 11,17,21
1812 3525 1988 3612 Utrumque

184 3643 328 3700 nostrum
356 3636 544 3718 inlercdibili
567 3637 661 3704 modo
686 3633 792 3720 1119).
833 3635 937 3719 Atque
960 3635 994 3701 id
1017 3636 1107 3701 illum
1130 3635 1260 3702 minime
1278 3642 1354 3719 puto
1375 3641 1578 3720 negaturum,
1604 3635 1658 3718 qui
1675 3636 1728 3701 vel
1746 3636 1779 3701 in
1796 3634 1990 3702 reddidisses

184 3744 287 3811 forma
304 3752 376 3830 post
393 3743 450 3810 red
465 3747 733 3831 praepositionem
751 3744 1000 3830 inseparabilem
1017 3743 1111 3812 finem
1129 3744 1362 3828 quodammodo
1381 3742 1529 3810 vocabuli
1548 3743 1716 3811 invenerit.

310 3855 422 3938 Neque
440 3856 576 3921 alterum
594 3862 670 3941 puto
688 3874 881 3939 magnopere
899 3875 972 3922 enm
989 3873 1173 3938 pressurum
1191 3855 1368 3937 summique
1385 3855 1538 3921 momenti
1566 3873 1637 3919 esse
1665 3851 1906 3939 arbitraturum,
1933 3858 1987 3940 qui

184 3982 292 4029 seeum
310 3966 507 4047 reputaverit
524 3967 613 4030 illam
627 3964 796 4030 verborum
812 3965 1060 4044 distinctionem,
1079 3983 1143 4046 qua
1160 3971 1236 4028 ante
1253 3963 1485 4045 paenultimam
1502 3963 1610 4029 thesin
1630 3961 1821 4030 vocabulum
1839 3965 1986 4032 termine·

183 4081 244 4157 tur,
271 4092 342 4140 esse
360 4073 665 4159 frequentissimam,
691 4094 756 4159 qua
773 4075 926 4140 Horatius
943 4080 976 4139 et
993 4074 1026 4138 in
1050 4073 1097 4138 eis
1113 4071 1273 4157 versibus,
1299 4073 1353 4156 qui
1373 4092 1540 4140 caesuram
1557 4071 1840 4154 penthemimerem
1858 4073 1986 4158 habent,

184 4191 216 4249 et
235 4185 268 4250 in
286 4183 346 4267 eis,
365 4181 418 4265 qui
436 4189 508 4266 post
522 4192 645 4249 11111111
660 4183 818 4263 syllabam
832 4182 1029 4266 inciduntur,
1047 4187 1164 4248 utatur.
1199 4183 1312 4266 ltaque
1325 4183 1353 4249 si
1372 4183 1453 4249 illud
1465 4182 1801 4264 animadverterimus,
1818 4181 1986 4248 Horatium

184 4314 225 4361 ex
242 4298 304 4358 615
322 4289 469 4357 versibus
488 4289 658 4375 Sapphicis
675 4293 851 4360 minoribus
869 4297 930 4357 217
949 4327 989 4337 -
1008 4293 1035 4357 si
1053 4291 1135 4358 bene
1152 4290 1318 4356 numeravi
1336 4311 1453 4375 —per
1471 4311 1582 4358 vocem
1605 4289 1807 4374 trisyllabam
1835 4294 1985 4359 termina-

182 4406 285 4488 visse,
302 4423 368 4468 non
384 4421 578 4485 magnopore
595 4401 796 4486 mirabimur,
814 4402 899 4486 quod
916 4403 950 4468 in
968 4401 1181 4483 aeronibus,
1199 4401 1254 4485 qni
1270 4406 1343 4484 post
1360 4406 1483 4466 sextam
1501 4399 1661 4486 syllabam
1679 4399 1876 4480 inciduntur,
1896 4407 1934 4468 19
1953 4405 1988 4470 in

184 4514 246 4580 fine
268 4511 469 4597 trisyllabam
487 4531 598 4576 vocem
616 4510 764 4577 babeant
794 4513 877 4576 Nam
895 4517 1091 4595 quantopere
1109 4511 1170 4576 hae
1187 4528 1310 4593 quoque
1328 4509 1361 4574 in
1379 4529 1414 4575 re
1431 4509 1497 4575 1111
1515 4516 1636 4594 regnet,
1654 4509 1682 4574 is
1699 4509 1795 4575 facile
1814 4511 1986 4597 intelleget,

183 4623 291 4707 quiin
309 4623 449 4688 carmine
468 4620 628 4688 saeculari
646 4641 702 4686 sex
718 4640 830 4686 versus
850 4621 1033 4702 cognoverit
1049 4619 1134 4685 hune
1151 4620 1185 4685 in
1203 4616 1332 4683 modum
1350 4637 1422 4684 esse
1445 4619 1652 4704 compositos,
1680 4638 1737 4685 111
1763 4619 1797 4685 in
1823 4619 1913 4685 illum
1932 4620 1986 4687 de·

183 4732 336 4815 scriptos:
354 4739 411 4796 aut
423 4732 477 4814 qui
496 4751 607 4796 omnes
624 4751 737 4796 versus
755 4729 931 4815 Sapphicos
948 4765 988 4774 -
1006 4734 1041 4794 ut
1059 4748 1117 4810 ego
1136 4727 1309 4811 aliquando
1327 4726 1388 4794 ieci
1409 4763 1450 4773 -
1468 4728 1637 4794 verborum
1651 4726 1842 4794 divisionem
1858 4735 1986 4795 secutus

182 4843 217 4907 in
235 4838 378 4905 ordinem
393 4841 564 4922 digesserit
582 4847 614 4905 et
631 4839 895 4906 animadverterit
912 4839 945 4904 in
962 4837 1022 4902 boe
1040 4836 1180 4903 carmine
1192 4838 1308 4902 miram
1319 4837 1443 4920 copiam
1462 4835 1566 4920 buius,
1584 4837 1618 4900 in
1636 4835 1692 4902 illo
1710 4837 1798 4901 illius
1817 4835 1986 4903 divisionis

181 4949 330 5015 inveniri.
372 4949 460 5014 Haeo
476 4951 575 5031 igitur
594 4948 714 5033 omnia,
741 4949 768 5013 si
786 4947 950 5012 nobiscum
976 4946 1240 5030 reputaverimus,
1267 4966 1371 5029 neque
1398 4965 1522 5028 eornm,
1548 4963 1629 5027 quae
1652 4951 1687 5010 ut
1704 4944 1828 5027 copiam
1847 4946 1984 5012 varieta-

350 5185 377 5249 9)
396 5181 497 5246 Christ,
514 5182 567 5236 Die
578 5183 736 5238 Vorsknnst
744 5181 794 5236 des
804 5181 904 5236 Horaz.
923 5196 949 5248 p.
961 5183 1000 5234 11.
1028 5177 1220 5247 Sitzungsbcr.
1230 5179 1257 5233 d.
1268 5179 1301 5232 K.
1311 5179 1406 5250 bayer.
1417 5177 1577 5236 Akademie
1593 5179 1620 5234 d.
1631 5180 1869 5236 wissenschaften
1881 5183 1955 5246 1868,
1961 5181 1985 5234 1.

1771 5289 1790 5349 2
1798 5285 1814 5320 t
