4574 5868
1159 465 1180 529 4

265 663 487 748 exsecrabilis,
504 664 629 750 flebilis,
647 666 819 751 laetabilis,
835 665 1033 751 innotabilis,
1051 667 1278 750 lamentabilis,
1296 664 1541 748 clamentabilis,
1559 663 1761 750 insatiabilis,
1779 663 1936 750 meabilis,
1949 683 2080 732 remoa-

267 775 356 861 bilis,
373 775 581 860 miserabilis,
598 775 725 860 nobilis,
743 775 902 861 ignobilis,
919 776 1138 861 penetrabilis,
1156 775 1319 861 sonabilis,
1337 773 1537 858 resonabilis,
1556 773 1719 859 spirabilis
1738 773 1803 859 (ap.
1822 774 1886 842 cia
1904 782 1937 840 ot
1954 773 2081 858 virg),

268 884 473 952 venerabilis.
509 887 546 951 In
564 887 613 951 eis
629 885 770 952 mediam
788 886 879 951 illam
902 887 1064 953 notionem
1086 885 1278 970 modumque
1301 885 1515 968 transitionis,
1542 883 1628 950 utin
1645 885 1782 968 singulis
1799 885 1946 968 doceam,
1972 884 2079 950 nemi-

269 1015 343 1063 nem
361 1003 438 1080 puto
455 997 689 1080 postulaturum
707 1015 811 1078 nequo
829 1016 947 1080 operae
964 995 1092 1062 videtur
1108 995 1256 1080 pretium.

437 1122 551 1187 Altera
568 1141 644 1205 pars
662 1127 711 1186 cst
735 1141 860 1202 eorum,
888 1140 971 1204 quae
989 1141 1010 1187 a
1027 1120 1237 1188 substantivis
1264 1121 1439 1187 ducuntur:
1464 1140 1504 1187 oa
1526 1121 1624 1204 igitur
1651 1120 1814 1187 adiectiva
1841 1120 1980 1186 activam
2005 1121 2075 1210 vim

270 1231 389 1298 habere
415 1239 584 1312 possessi
610 1231 645 1296 in
670 1231 857 1314 propatulo:
881 1237 916 1296 ut
939 1231 1182 1316 aerumnabilis,
1208 1230 1395 1314 exitiabilis,
1422 1229 1620 1315 favorabilis,
1649 1230 1878 1316 perniciabilis,
1904 1229 2075 1312 testabilis,

269 1341 478 1422 intestabilis,
495 1339 725 1425 voluptabilis3

437 1450 471 1516 in
495 1451 590 1516 tertia
614 1452 718 1516 classe
738 1469 822 1533 pono
844 1468 897 1532 oa,
923 1469 1006 1534 quae
1027 1450 1214 1516 derivantur
1235 1469 1256 1515 a
1275 1449 1382 1515 verbis
1404 1450 1629 1531 intransitivis,
1654 1451 1708 1516 vel
1732 1469 1753 1515 a
1774 1448 2006 1533 significatione
2024 1448 2071 1513 in·

269 1561 457 1626 transitiva:
476 1559 700 1643 conducibilis,
718 1558 955 1644 discordabilis,
974 1559 1143 1645 durabilis,
1161 1560 1348 1645 manabilis,
1384 1559 1522 1644 stabilis,
1540 1556 1755 1643 instabilis³);

437 1677 585 1754 quartum
602 1689 705 1752 genus
720 1676 769 1736 est
787 1689 908 1753 eorum,
935 1689 1017 1752 qnae
1040 1689 1098 1754 per
1124 1670 1264 1736 faciendi
1286 1668 1418 1737 verbum
1444 1671 1582 1735 formata
1609 1677 1699 1737 sunt:
1725 1665 1954 1752 luorifioabilis,
1980 1666 2072 1734 lucti-

269 1780 419 1864 ficabilis‚
446 1776 662 1865 ludificabilis‚
694 1778 926 1864 significabilis,
959 1777 1162 1846 tabificabilis
1193 1778 1431 1864 (horrificabilis
1461 1786 1493 1847 et
1524 1777 1796 1846 monstrificabilis
1822 1797 1863 1844 ox
1890 1778 2071 1843 coniectura

270 1891 390 1975 scripta
409 1886 514 1974 sunt);

439 2001 548 2084 quinto
576 2001 645 2065 loco
672 2017 804 2064 numero
830 2018 883 2081 ea,
910 2018 993 2081 quae
1010 2019 1068 2082 por
1091 1999 1194 2063 iocum
1212 2021 1233 2064 a
1250 1999 1353 2084 poetis
1377 2000 1505 2066 comicis
1523 1999 1688 2066 dicuntur:
1713 1995 1989 2079 immemorabilis,
2015 1995 2070 2060 im-

270 2111 453 2196 petrabilis,
478 2109 708 2195 perplexabilis
727 2143 767 2154 -
786 2127 978 2191 quamquam
995 2107 1088 2192 haec,
1117 2107 1233 2192 siquis
1254 2111 1384 2194 passive
1411 2110 1600 2195 accipienda
1621 2129 1693 2176 esse
1711 2107 1896 2190 contendat,
1921 2125 1985 2171 non
2008 2125 2070 2171 mo-

271 2223 352 2288 leste
369 2221 471 2287 leram
493 2242 548 2303 --;

439 2337 530 2395 sexto
553 2329 623 2393 loco
649 2334 723 2393 sunt
749 2327 911 2412 ponenda,
932 2348 1014 2411 quae
1037 2333 1072 2393 ut
1096 2328 1222 2394 Graeca
1243 2328 1401 2395 vocabula
1426 2330 1721 2413 interpretarentur,
1747 2326 1918 2410 scriptores
1935 2325 2070 2391 Romani

273 2440 379 2506 conati
398 2445 484 2521 sunt,
508 2457 572 2521 qua
589 2438 624 2502 in
641 2457 676 2502 ro
694 2437 854 2503 Romanos
873 2435 1006 2502 liberius
1023 2457 1092 2503 rem
1109 2437 1286 2504 instituisse
1304 2445 1335 2504 et
1353 2440 1482 2524 saepius
1500 2437 1638 2504 sermoni
1656 2436 1721 2502 vim
1745 2435 1932 2501 adhibuisse
1944 2435 2000 2500 vix
2017 2441 2072 2518 est,

272 2549 358 2633 qnod
374 2567 536 2632 moneam,
554 2553 627 2612 sunt
644 2565 748 2630 pauca
766 2547 926 2630 exempla:
944 2545 1126 2629 illatabilis,
1144 2546 1336 2632 invitabilis,
1353 2547 1509 2631 patibilis,
1526 2544 1759 2631 persuasibilis.

441 2657 569 2741 Omnia,
595 2677 677 2740 quae
704 2654 754 2722 his
780 2653 907 2738 legibus
929 2676 993 2722 non
1017 2656 1245 2740 respondeant,
1268 2657 1434 2723 adiectiva
1451 2655 1611 2722 sententia
1628 2655 1760 2740 passiva
1786 2655 1976 2740 accipienda
2000 2673 2072 2721 esso

273 2777 359 2854 puto.
399 2767 534 2833 Restant
550 2773 700 2850 quattuor
719 2767 865 2849 exempla
883 2766 1093 2831 Pliniana-
1110 2785 1185 2830 nam
1202 2766 1379 2849 vigilabilis
1388 2765 1418 2852 ⁴)
1437 2767 1477 2832 do
1496 2787 1558 2851 qno
1576 2773 1696 2832 certum
1719 2764 1874 2832 iudicium
1892 2765 2001 2830 afferri
2018 2765 2072 2830 vix

274 2877 402 2962 poterit,
420 2876 536 2940 molins
554 2882 603 2940 est
619 2875 874 2959 praetermittere
888 2909 938 2956 -,
956 2893 1054 2938 unum
1068 2873 1312 2940 Varronianum.
1347 2875 1396 2939 Ao
1411 2875 1562 2939 Pliniana
1576 2874 1704 2956 quidem
1725 2874 1871 2955 exempla
1886 2905 1925 2916 -
1940 2891 2067 2952 genesar

274 2985 361 3070 bilis,
379 2982 576 3068 genitabilis,
594 2982 768 3068 spirabilis,
789 2981 927 3048 visibilis
943 3017 987 3028 -
1004 2982 1074 3048 eius
1088 2983 1215 3064 generis
1229 2989 1317 3067 sunt,
1334 2983 1376 3049 de
1389 3003 1450 3066 quo
1463 2983 1528 3047 iam
1547 2982 1671 3064 monui,
1688 3002 1760 3048 oum
1777 2981 1864 3066 apud
1880 2981 2071 3064 posteriores

274 3099 445 3182 scriptores
472 3094 609 3160 inveniri
632 3094 727 3178 plura
753 3093 901 3176 exempla
918 3093 1058 3158 dicerem
1076 3113 1185 3158 eorum
1203 3092 1446 3178 adiectivcrum,
1473 3111 1556 3176 quae
1573 3098 1605 3157 et
1621 3091 1729 3157 activa
1746 3097 1778 3156 et
1795 3093 1927 3175 passiva
1944 3091 2072 3156 notione

273 3212 441 3293 ponantur.
483 3205 532 3270 De
546 3203 748 3270 Varroniano
765 3201 889 3267 alibilis
912 3202 988 3286 quid
1011 3203 1217 3267 statuendum
1239 3208 1337 3286 esset,
1364 3202 1421 3268 din
1438 3201 1592 3268 dubitavi.
1635 3200 1740 3284 Atque
1762 3221 1825 3266 uno
1848 3201 1977 3283 quidem
1996 3203 2072 3282 loco,

273 3316 315 3382 de
332 3335 367 3380 ro
385 3321 462 3380 rust.
481 3314 584 3396 111,o,
604 3318 642 3377 14
666 3310 773 3397 (pulli)
792 3310 984 3396 prodigendi
1005 3311 1039 3377 in
1059 3311 1159 3377 solem
1177 3317 1208 3377 et
1224 3313 1258 3378 in
1280 3313 1526 3396 sterquilinium,
1553 3317 1587 3376 ut
1605 3329 1641 3376 so
1657 3311 1804 3377 volutare
1829 3312 1962 3395 possint,
1989 3309 2072 3394 quod

274 3425 321 3490 ita
344 3421 520 3488 odibiliores
540 3423 619 3488 liunt
639 3444 704 3487 non
722 3421 817 3488 video
839 3441 895 3486 our
912 3441 933 3486 a
952 3421 1106 3486 Gessnori
1131 3421 1290 3486 sententia
1317 3421 1392 3506 (lex.
1410 3423 1516 3488 mstic.
1536 3442 1560 3488 s.
1574 3419 1617 3504 v.)
1642 3419 1857 3488 recedendum
1884 3421 1939 3503 sit,
1966 3417 2073 3484 abibalo

274 3535 404 3620 passive
418 3533 538 3597 dictum
559 3552 647 3597 esse:
675 3531 776 3596 altero
794 3531 864 3596 loco
881 3530 922 3613 IL
943 3534 991 3614 11,
1011 3535 1038 3612 1,
1056 3534 1075 3594 2
1102 3529 1156 3594 ubi
1184 3529 1342 3596 editiones
1370 3531 1420 3598 bis
1445 3533 1481 3597 id
1500 3530 1690 3598 vocabulum
1716 3530 1878 3614 exhibent,
1903 3551 2002 3596 unum
2023 3529 2073 3609 ,in

275 3645 362 3710 nullo
379 3649 523 3708 veterum
542 3641 678 3708 inveniri
697 3641 789 3706 testis
805 3647 854 3706 est
871 3642 906 3705 P.
923 3639 1099 3706 Victorius:
1126 3647 1170 3725 ot,
1197 3646 1232 3704 ut
1258 3640 1393 3725 videtur,
1419 3643 1580 3724 glossema
1608 3643 1688 3724 ost“,
1714 3643 1850 3706 alterum
1868 3641 1933 3705 iarn
1950 3647 2074 3706 veteres

276 3755 416 3822 editores
433 3751 671 3831 intellexerunt,
690 3756 725 3816 nt
742 3751 900 3816 Graecum
918 3741 1101 3834 θρεπτικόν
1119 3751 1219 3816 latine
1236 3751 1398 3836 redderet,
1414 3753 1591 3818 Varronem
1608 3751 1748 3816 finxisse.

444 3861 560 3944 Omisi,
587 3869 621 3926 ut
638 3860 791 3944 oportuit,
816 3858 1031 3924 dissociabilis
1048 3866 1080 3926 et
1097 3859 1354 3925 illacrimabilis:
1380 3881 1513 3944 quorum
1536 3860 1617 3926 illud
1643 3860 1677 3926 in
1699 3860 1789 3925 nulla
1806 3857 1918 3924 horum
1944 3856 2074 3923 adiecti-

276 3994 388 4038 vornm
415 3973 518 4037 classe
543 3969 646 4034 locum
673 3969 791 4035 habero
817 3974 936 4053 potest,
961 3968 1021 4035 hoo
1046 3989 1117 4034 oum
1142 3970 1221 4052 illis,
1247 3989 1331 4053 quae
1348 3971 1382 4036 in
1400 3971 1505 4055 prima
1527 3969 1766 4050 collocavimus,
1794 3969 1912 4052 optime
1930 3966 2075 4050 componi

276 4102 370 4164 posse
399 4085 542 4164 apparet.
584 4081 697 4162 Itaque
724 4081 788 4144 iam
814 4077 988 4144 videndum
1015 4085 1077 4160 est,
1105 4100 1179 4144 num
1205 4081 1239 4144 in
1265 4081 1456 4146 sententiam
1480 4079 1616 4163 quadret
1642 4077 1865 4157 dissociabilis,
1893 4078 1921 4142 si
1946 4075 2074 4161 passive

276 4198 424 4276 putemus
440 4209 512 4256 eam
528 4211 638 4256 vocem
655 4187 875 4273 accipiendam
894 4207 974 4254 esse.
1016 4189 1123 4273 Atque
1141 4189 1260 4274 optimo
1278 4190 1415 4273 quidem.
1456 4188 1545 4254 Nihil
1568 4189 1652 4254 enim
1670 4188 1745 4254 novi
1767 4186 1947 4252 addidisset
1972 4189 2076 4268 poeta,

277 4302 305 4367 si
323 4299 470 4366 dixisset:
488 4299 569 4365 deus
587 4300 728 4384 prudens
742 4298 881 4380 Oceano,
899 4297 952 4380 qui
972 4317 1009 4363 eo
1027 4297 1160 4364 oonsilio
1178 4298 1282 4364 lactus
1300 4306 1362 4383 est,
1381 4306 1415 4364 ut
1432 4305 1535 4364 terras
1549 4297 1714 4381 disiungat
1732 4305 1764 4362 et
1781 4301 1921 4379 separet,
1939 4294 2075 4360 abscidit

277 4419 393 4495 terras,
411 4429 485 4474 nam
500 4408 596 4474 doum
615 4409 733 4474 idonea
750 4417 888 4492 aptaque
901 4427 936 4472 re
951 4428 1095 4491 usurum,
1114 4415 1149 4472 ut
1166 4408 1333 4474 consilium
1351 4416 1557 4493 exsequatur,
1575 4408 1647 4492 quis
1664 4403 1852 4489 negaverit?
1887 4404 1950 4468 Illa
1967 4413 2075 4470 antem

277 4521 382 4585 altera
399 4538 501 4601 caque
518 4519 650 4602 passiva
667 4516 880 4582 dissociabilis
897 4517 1050 4583 adiectivi
1068 4517 1154 4582 notio
1173 4515 1317 4600 Oceano,
1343 4517 1399 4600 qui
1416 4517 1638 4602 impedimenti
1663 4533 1794 4580 munere
1817 4513 1974 4596 fungitur,
2000 4513 2075 4578 novi

277 4627 400 4712 aliquid
418 4626 543 4712 tribuit,
569 4648 640 4693 oum
657 4647 699 4692 ne
717 4647 787 4692 cum
805 4627 861 4692 illo
879 4627 1008 4709 quidem
1026 4627 1096 4709 ipso
1114 4626 1213 4691 ullam
1232 4626 1417 4692 societatem
1436 4627 1699 4693 commerciumvo
1718 4643 1789 4688 esse
1807 4621 1902 4688 dicit:
1929 4623 2076 4706 idemque

444 4847 471 4911 3)
490 4845 601 4913 passive
619 4843 693 4912 apud
712 4841 792 4898 Ovid.
811 4843 876 4896 Met.
894 4843 916 4908 Ι,
936 4843 968 4894 16
987 4847 1016 4894 et
1033 4840 1170 4894 Tacitum.

447 4930 475 4992 4)
493 4929 609 4983 Varron.
628 4935 681 4983 sat.
698 4929 768 4982 lien.
787 4943 813 4995 p.
830 4929 889 4993 217,
908 4929 924 4978 3
942 4925 986 4979 od.
1004 4925 1106 4980 Riese:

825 5011 847 5063 0
865 5009 953 5063 stulta
969 5009 1059 5064 nostri
1077 5009 1200 5079 pectoris
1218 5007 1349 5063 donnitio

825 5094 999 5164 Vigilabilis,
1017 5110 1087 5162 quae
1103 5109 1147 5149 me
1165 5093 1288 5162 puellum
1307 5092 1477 5162 impuberem

825 5179 945 5248 Cepisti!
