4574 5868
1167 461 1185 521 8

1098 547 1255 557 -ω-ι-ι

1093 671 1169 752 111,
1194 674 1256 740 10.

443 786 547 852 Huius
573 788 725 853 conuiuis
751 788 934 872 nuperrime
962 790 1087 854 exstitit
1113 789 1211 855 iudex
1236 788 1460 856 severissimus
1486 786 1520 850 in
1540 785 1647 851 Iahnii
1671 785 1778 850 anuah
1795 784 1856 850 rol.
1879 786 1947 849 123.
1963 806 1994 869 p.
2012 789 2083 870 280,

274 918 383 982 quem,
408 917 450 962 ue
478 898 669 963 auctoritate
692 917 907 980 moveremur,
933 897 1060 964 sublato
1082 907 1159 983 puto
1186 899 1315 965 uomiuc
1332 915 1415 980 quac
1433 903 1577 962 censeret
1600 894 1783 979 protulisse.
1825 891 1957 960 Gonstat
1975 901 2082 961 autem

274 1006 449 1090 disputatio
468 1007 537 1071 eius
551 1005 677 1084 duabus
690 1026 730 1071 ex
742 1005 901 1091 partibus,
919 1028 1054 1091 quarum
1071 1010 1178 1093 priore
1191 1029 1320 1074 versum
1334 1008 1371 1073 V.
1385 1006 1427 1072 ab
1439 1005 1573 1072 Horatio
1583 1005 1741 1088 scriptum
1758 1023 1830 1070 esse
1851 1011 1961 1089 negat,
1979 1007 2082 1070 altera

273 1123 374 1183 totum
402 1136 531 1182 carmen
560 1116 703 1200 spurium
731 1136 804 1181 esse
832 1117 1003 1183 contendit
1045 1119 1093 1184 Aa
1118 1120 1224 1204 priore
1252 1119 1381 1203 quidem
1412 1123 1504 1202 parte
1530 1135 1625 1200 posse
1652 1113 1780 1198 quidem
1811 1113 1955 1179 artificiis
1986 1115 2081 1181 iuteru

274 1225 422 1311 pretendi
441 1226 616 1310 quamlibet
643 1226 835 1291 seutentiam
861 1227 927 1292 illis
944 1225 1053 1292 verbis
1079 1229 1230 1313 supponi,
1256 1227 1355 1294 verba
1377 1235 1485 1293 autem
1502 1247 1560 1310 per
1581 1245 1616 1291 se
1633 1222 1771 1290 obscura
1789 1229 1822 1288 et
1839 1225 1991 1306 perplexa
2010 1244 2079 1290 esse

275 1337 451 1420 contendit,
483 1335 689 1403 obscuritatis
714 1342 822 1400 autem
850 1337 928 1402 vitio
956 1337 1123 1404 Horatium
1149 1338 1280 1404 minime
1307 1337 1410 1404 teneri
1436 1337 1502 1402 iam
1529 1334 1717 1400 Suetonium
1744 1332 1966 1399 affirmavisse.
2009 1335 2081 1399 Duo

276 1453 383 1512 tamen
401 1446 633 1529 distinguenda
650 1445 800 1510 videntur
830 1466 915 1530 esse,
942 1446 1121 1513 obscuritas
1144 1448 1178 1514 iu
1196 1469 1231 1514 re
1249 1455 1282 1513 et
1298 1446 1477 1513 obscuritas
1504 1446 1538 1510 in
1563 1443 1671 1509 verbis
1695 1443 1811 1526 posita.
1851 1442 1900 1507 Ac
1923 1443 2081 1509 sententia

275 1557 404 1640 quidem
423 1563 471 1622 est
489 1556 712 1640 apertissima:
742 1563 850 1621 mouet
868 1557 955 1621 enim
981 1565 1077 1641 poeta
1095 1558 1220 1641 Lycen,
1246 1578 1287 1624 ue
1314 1558 1410 1624 nimis
1438 1554 1576 1640 superba
1605 1554 1655 1636 sit,
1681 1552 1775 1618 ruina
1803 1553 1903 1636 euim,
1928 1559 1963 1617 ut
1981 1553 2081 1618 estin

275 1673 384 1732 notho
401 1665 584 1750 proverbio,
612 1666 755 1747 sequitur
773 1665 964 1749 superbiam.
1004 1666 1089 1732 Illud
1107 1672 1214 1732 autem
1233 1667 1445 1734 confitendum
1463 1672 1527 1747 ast,
1545 1663 1713 1728 machinas
1730 1667 1874 1727 veterum
1900 1663 2082 1744 multasque

275 1797 342 1858 res,
368 1795 451 1858 quae
468 1777 502 1840 iu
519 1775 587 1840 vita
606 1775 770 1840 cotidiana
788 1795 849 1840 usu
866 1774 1054 1860 veniebant,
1079 1774 1173 1842 uobis
1190 1782 1256 1841 tam
1274 1796 1388 1862 parum
1406 1795 1478 1842 esse
1495 1779 1602 1857 notas,
1630 1779 1665 1837 ut
1682 1770 1768 1838 unde
1787 1769 1971 1854 proverbia,
1998 1791 2080 1854 quae

276 1885 317 1951 ab
335 1885 386 1950 his
404 1891 474 1950 orta
492 1891 579 1967 suut,
606 1885 762 1968 originem
781 1885 914 1968 ducam,
938 1887 1035 1966 plane
1059 1886 1260 1967 ignoremus:
1286 1886 1363 1969 quid
1390 1881 1475 1969 quod
1503 1891 1612 1950 nostro
1630 1902 1755 1966 quoquc
1782 1900 1928 1946 sermone
1956 1887 2081 1946 exstant

275 1993 445 2078 proverbia
463 2005 495 2060 et
517 1994 707 2076 locutiones,
734 2014 867 2077 quorum
885 1995 1041 2078 originem
1058 2017 1100 2061 ue
1117 1997 1301 2063 coniectura
1319 1995 1448 2078 quidem
1465 1995 1596 2077 assequi
1614 1990 1805 2078 possumus?
1841 1988 1905 2055 Sed
1931 2010 1972 2055 nc
2002 2010 2082 2074 opus

275 2104 405 2188 quidem
424 2111 473 2170 est
490 2106 660 2188 confugere
677 2105 721 2168 ad
738 2105 829 2169 illam
847 2105 1102 2172 excusationem:
1130 2127 1205 2170 nam
1224 2126 1276 2172 ras
1296 2107 1415 2190 optime
1433 2105 1625 2189 explicatur,
1651 2101 1823 2169 dummodo
1847 2119 1889 2164 uc
1907 2100 2081 2182 cogitemus

277 2215 318 2280 de
336 2234 414 2278 cosa
428 2213 565 2294 quodum
582 2221 638 2280 aut
655 2235 690 2278 re
704 2212 849 2293 adverso,
869 2214 926 2280 sed
944 2215 977 2280 id
995 2216 1233 2298 intellegamus,
1249 2217 1392 2300 tertium,
1409 2215 1495 2299 quod
1512 2215 1636 2296 dicunt,
1654 2211 1902 2296 comparationis
1920 2209 1957 2272 ia
1974 2207 2082 2272 celeri·

276 2329 341 2388 tate
359 2343 430 2389 esse
448 2325 597 2408 positum.
636 2323 674 2388 Id
692 2325 778 2389 euim
796 2331 892 2407 poeta
909 2324 1017 2390 dicere
1035 2325 1177 2391 voluisse
1199 2325 1279 2390 mihi
1295 2325 1437 2408 videtur,
1463 2326 1599 2390 formam
1616 2321 1949 2406 pulchritudinemque
1966 2317 2081 2400 fragile

248 2461 253 2472 ·
277 2454 348 2499 esse
367 2441 399 2500 et
416 2433 572 2500 caducum
591 2439 687 2516 atque
705 2440 740 2497 ut
758 2432 844 2499 fumis
864 2434 1034 2517 trochleae,
1052 2453 1116 2517 qua
1131 2456 1196 2500 non
1209 2437 1311 2500 solum
1327 2434 1369 2499 ad
1384 2455 1483 2501 onera
1507 2454 1528 2498 a
1550 2439 1636 2498 terra
1649 2432 1683 2496 in
1696 2429 1899 2495 altitudinem
1915 2426 2082 2494 evehenda

277 2549 402 2610 veteres
425 2540 606 2626 utebantur,
633 2542 691 2607 sed
715 2544 811 2608 etiam
835 2543 878 2609 ad
896 2542 1053 2609 modiolos
1071 2544 1105 2608 in
1124 2552 1237 2628 puteos
1255 2543 1482 2627 demittendus,
1509 2542 1674 2608 celerrime
1691 2546 1762 2605 rota
1780 2546 1926 2605 currente
1951 2539 1986 2604 in
2011 2557 2081 2621 pro-

276 2654 411 2720 iundum
428 2653 621 2736 revolvatur,
639 2654 685 2718 sic
702 2653 799 2719 etiam
819 2654 959 2738 corporis
977 2652 1061 2719 bona
1083 2655 1284 2720 velocissime
1302 2653 1392 2719 abire
1410 2659 1441 2720 et
1459 2652 1623 2734 aufugere.
1657 2651 1727 2716 Hac
1744 2657 1851 2716 autem
1869 2649 1903 2714 in
1921 2668 1956 2713 re
1974 2666 2079 2712 ucnue

276 2765 360 2830 inest
380 2762 555 2829 admonitio
577 2762 736 2846 quaedam
754 2763 877 2847 gravis,
895 2784 959 2847 qua
975 2772 1072 2847 poeta
1085 2765 1196 2848 Lycen
1214 2763 1413 2848 adhortatur,
1430 2770 1466 2829 ut
1483 2769 1625 2846 tempore
1642 2761 1744 2826 amori
1771 2767 1846 2842 apto
1866 2763 1975 2822 utatur
1999 2775 2080 2822 neve

278 2879 417 2939 aetatem
435 2873 578 2955 patiatur
596 2871 761 2955 effugere?

443 2980 580 3047 Videtur
610 2988 719 3047 autem
746 2981 797 3047 vir
822 2981 879 3047 ille
904 2981 1109 3048 doctissimus
1138 2982 1359 3066 indignatione
1386 2979 1533 3063 quadam,
1559 2983 1594 3043 ut
1611 2982 1710 3042 totum
1738 2994 1866 3040 carmen
1884 2970 2079 3051 condemnet,

278 3093 405 3159 adduci.
447 3092 497 3157 Nc
514 3090 575 3155 hoc
592 3091 721 3173 quidem
749 3090 829 3155 satis
847 3111 983 3157 novum:
1010 3111 1086 3156 nam
1105 3093 1245 3158 omnium
1265 3092 1445 3156 criticorum
1464 3087 1687 3154 severissimus
1706 3085 1869 3168 Gruppius
1887 3089 1919 3148 et
1935 3081 1996 3147 hoc
2014 3098 2080 3145 car-

277 3224 352 3269 men
370 3211 402 3268 et
423 3200 496 3266 libri
511 3201 564 3284 IV,
586 3204 623 3266 13
641 3201 774 3266 Horatio
798 3200 965 3283 indiguum
993 3221 1064 3267 esse
1088 3208 1191 3286 ratus,
1217 3222 1256 3267 ex
1274 3200 1407 3265 Horatio
1426 3199 1536 3265 eiecit:
1564 3197 1621 3264 sed
1648 3216 1710 3279 quo
1728 3214 1781 3260 res
1799 3199 1935 3258 ventura
1953 3191 2003 3273 sit,
2030 3189 2081 3253 his

277 3318 374 3396 atqua
392 3310 551 3377 similibus
568 3311 746 3376 rationibus
764 3311 792 3375 si
810 3310 979 3395 ducamur,
1003 3331 1096 3378 uemo
1114 3313 1212 3379 videt.
1253 3309 1393 3377 Sordida
1410 3315 1442 3375 ct
1460 3308 1619 3375 obscoena
1635 3307 1670 3371 iu
1688 3305 1737 3371 eis
1755 3299 1951 3369 carminibus
1966 3300 2081 3379 inesse,

278 3422 350 3505 quis
367 3421 486 3503 negat?
521 3421 564 3485 At
582 3421 680 3486 etiam
698 3421 732 3485 in
750 3419 823 3485 libri
844 3420 867 3484 Ι.
886 3422 1027 3486 carmine
1045 3425 1096 3487 25.
1113 3442 1184 3487 cum
1203 3421 1334 3487 sordida
1351 3440 1416 3486 uon
1433 3439 1538 3504 pauca
1557 3416 1778 3493 inveniuntur,
1795 3418 1863 3478 tum
1881 3411 1939 3476 illa
1965 3410 2080 3514 imago,

278 3551 342 3614 qua
360 3531 544 3596 taetriorem
564 3537 596 3596 et
625 3529 800 3595 foediorem
822 3531 955 3612 cogitari
973 3551 1068 3614 posse
1093 3532 1149 3596 vix
1170 3538 1247 3615 puto
1266 3529 1309 3615 (v.
1331 3526 1398 3613 13);
1415 3529 1456 3595 dc
1474 3528 1548 3594 libri
1566 3527 1624 3591 ΙΠ.
1641 3545 1667 3592 a
1686 3529 1734 3606 15,
1751 3523 1792 3588 dc
1807 3521 1920 3605 epodis
1935 3523 1964 3585 8.
1982 3525 2013 3584 et
2034 3521 2080 3581 12.

278 3641 352 3707 nolo
369 3640 490 3724 dicere,
517 3660 594 3706 num
620 3638 701 3705 haec
727 3640 871 3705 carmina
888 3659 927 3705 ca
949 3640 991 3705 dc
1018 3658 1117 3706 causa
1135 3642 1245 3724 spuria
1262 3639 1360 3705 suut?
1396 3638 1563 3703 Horatium
1589 3641 1698 3700 autem
1723 3631 1879 3699 nonnulla
1906 3627 2081 3712 scripsisse,

278 3771 361 3834 quac
379 3771 443 3816 uon
461 3750 541 3816 satis
558 3769 639 3834 pura
657 3757 689 3814 ct
707 3747 824 3814 decora
849 3755 971 3832 essent,
997 3756 1033 3814 ut
1057 3769 1156 3815 uuum
1180 3769 1315 3831 eumque
1333 3749 1558 3832 gravissimum
1586 3753 1701 3811 testem
1726 3740 1910 3822 adhibeam,
1938 3738 2082 3804 declarat

279 3859 514 3938 Quinctilianus
531 3859 556 3942 I,
575 3861 604 3940 8,
624 3861 661 3923 6:
688 3858 732 3924 Ut
750 3858 952 3941 tragoediae,
969 3859 1061 3924 alunt
1078 3869 1110 3924 ct
1126 3859 1238 3943 lyrici:
1256 3859 1284 3924 si
1302 3864 1410 3924 tamen
1428 3857 1462 3924 iu
1479 3856 1530 3922 his
1548 3876 1612 3921 non
1630 3859 1778 3919 auctores
1795 3849 1889 3915 modo
1907 3849 1964 3915 sed
1983 3848 2080 3914 stiam

279 3977 387 4053 partes
405 3967 510 4054 operis
527 3969 678 4052 elegeris,
697 3988 771 4033 uam
790 3974 823 4033 et
837 3968 953 4034 Graeci
970 3968 1105 4034 licenter
1123 3971 1224 4034 multa
1241 3977 1273 4034 et
1297 3969 1503 4058 Horatium
1522 3965 1639 4032 nolim
1657 3963 1696 4028 in
1714 3958 1942 4044 quibusdam
1961 3958 2081 4024 inter-

279 4080 442 4164 pretari.
482 4077 533 4160 Id,
561 4077 645 4162 quod
663 4077 852 4160 saepissime
880 4077 945 4141 iam
963 4077 1083 4143 dictum
1102 4085 1151 4143 est
1177 4084 1274 4162 atquc
1292 4077 1363 4143 ida
1380 4077 1460 4142 viris
1477 4073 1671 4140 doctissimis
1689 4079 1721 4137 et
1744 4067 2003 4153 elegantissimis,
2029 4087 2081 4132 re-

280 4195 365 4254 teres
383 4187 477 4252 aliter
494 4188 530 4252 iu
547 4187 598 4252 his
616 4186 712 4254 rebus
730 4187 884 4270 sensisse,
909 4206 1013 4270 neque
1041 4195 1149 4254 nostro
1173 4187 1297 4254 decoris
1315 4194 1348 4254 et
1365 4184 1547 4267 elegantiae
1565 4182 1697 4265 iudicio,
1723 4180 1800 4264 quid
1817 4186 1928 4262 aptum
1946 4177 1989 4242 sit
2006 4176 2081 4259 quid

281 4317 387 4380 secus,
414 4317 485 4362 esse
510 4296 732 4380 iudicandum,
760 4295 818 4362 red
836 4315 876 4362 ex
892 4301 1037 4362 veterum
1060 4297 1236 4381 scriptiaet
1255 4317 1294 4362 ex
1314 4295 1580 4376 uniuscuiusque
1606 4291 1769 4377 scriptoris
1795 4285 2024 4355 cousuetudine
2050 4291 2081 4348 et

279 4405 422 4473 moribus
440 4407 529 4488 leges
546 4407 703 4490 quasdam
721 4427 793 4472 csse
811 4405 983 4490 petendas,
1000 4406 1035 4471 id
1053 4408 1134 4472 satis
1150 4406 1214 4472 dici
1231 4405 1359 4471 videtur
1376 4425 1440 4470 nou
1457 4423 1563 4487 posse.

451 4515 512 4596 ,At
538 4516 636 4581 etiam
660 4517 788 4599 singula
814 4517 898 4581 iuter
923 4536 1023 4582 senon
1041 4515 1260 4582 conveniunt.l
1305 4516 1415 4599 Lycen
1432 4535 1462 4578 v.
1482 4517 1563 4578 1—4
1580 4509 1740 4596 appellari
1767 4505 1845 4571 dicit
1872 4503 2001 4569 criticus
2026 4505 2082 4570 ille

281 4625 410 4691 mollem
428 4631 460 4690 ct
477 4625 729 4708 misericordem,
747 4625 897 4691 contiuuo
915 4631 1024 4690 autem
1042 4623 1224 4708 superbiam
1244 4625 1312 4690 eius
1330 4625 1440 4689 multis
1457 4619 1565 4686 verbis
1585 4617 1732 4684 describi.
1774 4613 1817 4679 At
1836 4632 1919 4696 quae
1936 4634 2083 4680 mansue

281 4735 403 4801 tudinis
420 4735 610 4818 significatio
629 4738 664 4802 in
680 4734 785 4819 prima
803 4734 934 4818 stropha
958 4736 1011 4818 sit,
1037 4755 1131 4800 nemo
1156 4733 1330 4816 intellegit:
1356 4730 1438 4796 uihil
1464 4731 1550 4796 euim
1577 4726 1668 4795 aliud
1695 4731 1790 4810 poeta
1806 4723 1935 4789 ridetur
1952 4723 2083 4804 dixisse,

282 4845 363 4912 uisi:
381 4847 477 4911 etiam
497 4849 525 4913 si
543 4847 728 4913 condicione
746 4845 898 4928 utereris,
921 4862 1004 4926 quae
1022 4843 1184 4909 amoribus
1201 4849 1233 4909 at
1251 4841 1375 4908 lusibus
1393 4840 1533 4906 omnium
1550 4838 1684 4904 minime
1701 4841 1779 4919 apta
1796 4841 1894 4918 asset,
1922 4833 1957 4899 id
1974 4841 2082 4898 tamur

282 4953 342 5019 ahs
357 4961 389 5020 te
406 4956 579 5039 impetrare
595 4977 659 5022 uon
677 4976 802 5039 posses,
830 4961 865 5020 ut
891 4972 943 5018 me
971 4959 1080 5019 tautae
1098 4952 1300 5038 tempestatis
1327 4951 1489 5034 iniquitati
1515 4949 1676 5015 obiceres:
1703 4965 1828 5011 summa
1850 4945 1936 5011 euim
1960 4961 1999 5008 aa
2026 4946 2083 5006 est.

283 5065 424 5148 Nuptam
441 5073 549 5131 autem
568 5067 677 5150 Lycen
696 5085 767 5130 esse
785 5065 855 5130 viro
872 5063 1001 5145 immiti,
1025 5061 1125 5129 verba
1148 5080 1265 5141 ,saera
1282 5068 1384 5146 nupta
1400 5061 1487 5125 virc“
1509 5079 1575 5125 uon
1592 5055 1753 5123 sententia
1770 5051 1984 5121 condicionali
2001 5051 2083 5116 acci-

283 5174 404 5259 pienda
421 5195 505 5260 esse,
531 5175 784 5241 luculentissime
801 5177 936 5257 apparet
955 5193 994 5238 ex
1010 5193 1106 5237 versu
1127 5175 1183 5255 15,
1210 5191 1272 5254 quc
1290 5177 1325 5235 ut
1343 5169 1557 5236 sollicitudine
1577 5165 1758 5250 suspicione
1775 5163 1901 5230 invidia
1915 5160 2082 5226 mulierem
