4574 5868
1171 505 1190 565 b

280 699 519 784 apulumbibus
536 699 664 786 tectum,
683 703 730 768 sie
747 702 781 768 in
797 719 907 786 pugna
921 703 1120 788 Philippensi
1138 723 1158 767 a
1176 702 1334 768 Mercurio
1353 700 1452 787 (ILi,
1468 701 1530 788 13),
1547 723 1568 768 a
1585 703 1688 768 Musis
1705 699 1778 786 (ΙΠ,
1795 705 1824 784 4,
1842 697 1897 786 25)
1916 708 2086 786 serratum,

281 809 328 876 sic
355 807 397 874 ab
425 809 549 875 arboris
577 811 642 876 ictu
662 831 683 875 a
700 811 814 877 Fauno
832 813 885 895 (II,
909 816 957 898 17,
976 810 1039 898 28),
1067 833 1088 878 a
1105 814 1207 879 Musis
1226 810 1298 896 (ΙΠ,
1314 817 1344 894 4,
1362 815 1424 896 27),
1450 812 1615 878 aBaecho
1635 811 1705 897 (ΠΙ,
1724 815 1752 895 8,
1772 807 1805 893 8)
1832 812 2013 896 defensum,
2040 811 2086 877 sie

159 935 160 940 ’
279 921 443 985 Musarum
462 939 560 1003 opera
578 919 611 985 in
630 921 710 984 mari
729 920 798 1004 (ΙΙΙ,
817 926 845 1005 4,
863 919 918 1005 28)
936 923 1128 988 incolumem
1144 923 1318 1006 mansisse,
1344 921 1391 987 sic
1408 921 1539 1006 saepius
1556 927 1685 1006 poetam
1713 941 1765 987 res
1783 921 1825 986 ad
1843 921 1971 987 fabulas
1987 920 2086 986 dedu-

280 1048 352 1094 cere
369 1029 525 1094 ridemus
565 1029 678 1112 Neque
701 1030 736 1093 in
760 1049 810 1112 eo,
839 1031 916 1113 quid
934 1051 1006 1097 curn
1025 1031 1172 1098 Sebiltzio
1201 1031 1415 1114 offendamur,
1443 1031 1552 1116 rideo,
1579 1030 1665 1114 quod
1683 1031 1932 1115 Mauretaniam,
1958 1032 2085 1097 leonum

280 1139 452 1222 nutricem,
470 1140 783 1223 commemoraverim
801 1159 876 1204 nam
894 1146 1015 1224 tantus,
1034 1147 1069 1206 ut
1087 1142 1241 1225 diximus,
1259 1142 1367 1226 lupus,
1385 1141 1519 1208 deorum
1538 1141 1659 1206 auxilio
1678 1140 1846 1224 fugitivus,
1863 1147 1979 1225 poetae
1996 1141 2086 1206 visus

280 1253 340 1330 est,
359 1253 394 1312 ut
413 1267 485 1312 curn
503 1247 652 1314 maximis
669 1250 819 1316 monstris
837 1251 1071 1334 comparandus
1089 1258 1192 1316 esset:
1218 1251 1426 1316 inveniuntur
1443 1256 1550 1316 autem
1569 1270 1609 1315 ea
1628 1251 1662 1316 in
1680 1250 1899 1335 Mauretania,
1922 1251 1973 1316 cui
1990 1269 2085 1335 oppo-

278 1359 368 1422 nitur
386 1357 483 1422 Italia
499 1377 564 1441 pro.
575 1377 638 1440 qua
656 1359 762 1442 posita
780 1367 829 1426 est
846 1359 1023 1424 Daunius:
1047 1362 1157 1444 itaque
1175 1381 1247 1426 eum
1266 1360 1381 1426 Italiae
1398 1361 1468 1426 rice
1492 1360 1639 1426 Daunias
1666 1359 1847 1426 introducta
1874 1361 1928 1444 sit,
1955 1359 2085 1425 additur

279 1469 309 1532 ei
328 1467 532 1550 militaris,
549 1486 606 1550 pro
617 1488 681 1552 qua
693 1468 781 1534 haud
795 1470 861 1535 seio
876 1489 920 1534 an
933 1471 1022 1535 nulla
1038 1490 1101 1535 vox
1114 1471 1220 1554 aptior
1232 1471 1267 1535 in
1285 1469 1345 1535 hoe
1363 1469 1504 1536 carmine
1517 1469 1683 1536 fortissimi
1702 1470 1834 1553 spiritus
1846 1471 1959 1536 inierri
1972 1471 2086 1555 possit:

257 1634 259 1640 ,
281 1577 429 1643 Daunias
446 1584 555 1644 autern
573 1578 649 1661 quia
668 1579 733 1643 iarn
751 1579 847 1644 aride
864 1580 980 1644 autrico
1001 1581 1128 1645 leonum
1152 1578 1384 1646 obversabatur
1409 1581 1517 1645 animo
1535 1585 1664 1664 poetae,
1691 1581 1810 1663 optime
1838 1581 2004 1647 nominata
2031 1587 2087 1664 est,

280 1688 341 1752 init
358 1688 444 1753 enim
467 1707 532 1752 non
555 1688 662 1752 minus
676 1709 808 1769 pauper
825 1709 939 1771 cquae,
959 1710 1055 1773 quam
1073 1688 1179 1755 Jubae
1196 1690 1302 1754 tellus.
1342 1689 1411 1754 Nec
1427 1688 1562 1755 haerere
1580 1688 1718 1755 debebat
1739 1691 1774 1755 in
1791 1691 1964 1757 aesculetis
1982 1691 2086 1756 Peerl-

281 1797 447 1880 kampius,
464 1795 549 1879 quod
567 1818 632 1862 non
650 1800 752 1864 solum
771 1799 980 1866 similitudine
997 1799 1134 1864 aliarum
1152 1819 1280 1884 vocum,
1299 1799 1473 1866 sedetiam
1491 1801 1683 1866 testimoniis
1700 1800 1855 1866 Varronis
1874 1799 1926 1882 (ei.
1944 1801 2086 1882 Georges

283 1928 308 1973 s.
326 1904 369 1989 v.)
388 1906 507 1990 optime
526 1906 717 1973 defenditur.
762 1908 851 1973 Haec
866 1909 964 1991 igitur
982 1909 1009 1974 si
1027 1909 1222 1991 tenebimus,
1247 1929 1350 1992 neque
1379 1929 1449 1974 cum
1470 1909 1689 1990 Peerlkampio
1707 1915 1740 1974 et
1758 1909 1922 1975 Metuehie
1940 1917 2084 1994 quartam

285 2016 448 2102 stropham
468 2015 751 2082 condemnabimus
768 2036 871 2099 neque
889 2037 959 2082 eum
978 2017 1111 2082 Lehreio
1131 2025 1279 2100 quattuor
1297 2018 1445 2102 strophas
1463 2019 1696 2104 remeabimus,
1723 2039 1799 2086 nam
1817 2020 1903 2103 quod
1926 2027 2012 2087 esset
2028 2020 2086 2086 hoc

287 2146 430 2210 carmen,
449 2127 533 2208 quod
551 2126 677 2192 duabus
695 2124 833 2209 strophis
849 2128 1086 2193 contineretur?
1113 2135 1180 2192 tam
1198 2129 1345 2193 mutilum
1363 2134 1477 2193 ettam
1496 2129 1731 2214 imperfectum,
1749 2136 1784 2194 ut
1801 2130 1876 2196 nori
1894 2127 1998 2197 rideri
2015 2151 2085 2215 pos-

286 2244 357 2302 sent
374 2255 487 2301 versus
505 2234 663 2318 addendi,
682 2255 784 2318 neque
803 2236 981 2302 ullomodo
1000 2238 1249 2322 comparandum
1268 2259 1339 2304 cum
1357 2239 1381 2318 I,
1400 2241 1449 2304 38.
1473 2238 1530 2322 111,
1551 2242 1600 2303 22.
1644 2239 1730 2304 Illud
1747 2248 1868 2326 autem,
1885 2241 1971 2325 quod
1989 2241 2086 2306 Lehr-

288 2347 369 2428 sius,
394 2346 470 2411 ludo
489 2345 627 2428 quodam
651 2345 803 2411 uberrimi
824 2345 961 2430 ingenii,
988 2346 1049 2411 sibi
1072 2348 1322 2430 excogitavit-
1341 2355 1377 2412 ut
1399 2348 1441 2414 de
1467 2347 1616 2414 omnibus
1642 2349 1771 2432 ceteris,
1799 2369 1881 2432 quae
1898 2357 2086 2434 repugnant,

284 2461 409 2521 taceam
426 2491 470 2501 —
486 2454 606 2520 nemini
630 2475 771 2539 unquam
790 2457 876 2521 volet
894 2457 1088 2539 persuadere
1118 2463 1174 2522 aut
1200 2458 1333 2542 poterit,
1359 2479 1434 2523 nam
1461 2458 1618 2541 quomodo
1645 2457 1713 2524 fieri
1740 2459 1856 2542 potuit,
1882 2466 1918 2524 ut
1935 2459 2087 2526 Horatius

284 2565 445 2650 strophas,
463 2585 556 2648 quas,
573 2571 609 2629 ut
625 2565 751 2631 Horatii
769 2565 972 2632 sanctitatem
991 2567 1151 2651 irrideret,
1169 2568 1294 2633 Fuscus
1304 2568 1446 2633 Aristius
1462 2573 1699 2651 composuerat,
1717 2589 1788 2633 eum
1808 2570 1951 2635 earmina
1969 2571 2088 2654 ederet,

285 2676 441 2758 reciperet
464 2681 496 2740 et
519 2675 565 2740 ita
582 2673 831 2758 pulcherrimum
849 2695 979 2740 carmen
997 2681 1028 2740 et
1045 2677 1308 2742 venustissimum
1327 2713 1364 2722 -·
1384 2697 1459 2742 nam
1486 2675 1732 2761 pulcherrimum
1758 2684 1789 2742 et
1815 2679 1901 2744 omni
1929 2700 1970 2746 ex
1994 2687 2086 2763 parte

286 2785 468 2872 absolutum
486 2784 567 2851 illud
584 2784 684 2851 inisse
703 2784 856 2850 Lehrsius
873 2791 966 2869 putat
986 2822 1022 2830 -
1042 2786 1256 2870 depravaret?

1087 2995 1119 3077 ι,
1145 2997 1205 3076 aa,
1231 2961 1328 3101 aa}

452 3113 490 3178 ln
507 3110 729 3195 pulcherrimis
745 3110 821 3176 libri
837 3111 931 3194 primi
950 3112 1145 3178 carminibus
1161 3110 1343 3178 habendum
1362 3132 1433 3178 esse
1452 3113 1647 3178 tricesimum
1665 3115 1809 3197 quintum
1834 3135 1960 3200 semper
1976 3115 2085 3199 putari

284 3224 432 3306 idemque
449 3242 514 3287 non
531 3241 596 3285 una
609 3241 649 3286 ex
661 3228 752 3305 parte
771 3220 1001 3286 difficillimum.
1029 3223 1077 3286 Ac
1093 3223 1230 3306 primum
1247 3221 1375 3305 quidem
1392 3241 1487 3306 quam
1506 3222 1600 3289 deam
1612 3223 1788 3290 Fortunam
1806 3227 1909 3310 accipi
1921 3227 2008 3309 velit,
2026 3226 2087 3292 Ho-

285 3334 389 3399 ratius
397 3332 554 3397 declarat:
574 3349 645 3397 eam
656 3330 761 3413 deam,
778 3349 861 3412 quae
879 3331 980 3414 possit
993 3337 1025 3396 et
1038 3349 1101 3414 eos,
1114 3331 1170 3413 qui
1181 3331 1366 3397 tristissima
1383 3352 1492 3398 rerum
1510 3335 1696 3400 condicione
1713 3339 1844 3400 utantur
1857 3334 2003 3401 homines
2014 3334 2086 3400 bea-

285 3440 550 3524 tissimosiacere,
569 3447 600 3505 et
618 3441 699 3525 illos,
718 3441 772 3524 qui
789 3461 942 3526 prospero
960 3460 1064 3506 rernm
1082 3439 1161 3505 flatu
1179 3440 1349 3525 gaudeant,
1367 3442 1606 3509 calamitatibus
1619 3444 1762 3511 obruere.
1793 3445 1976 3530 Sequuntur
1985 3463 2085 3510 exem·

286 3553 341 3637 pla
356 3552 440 3617 ruris
458 3551 603 3634 colonus,
619 3557 733 3632 nauta,
750 3552 859 3616 Dacus
873 3549 1083 3636 Scythaeque,
1099 3547 1195 3614 urbes
1212 3556 1325 3632 gentes
1342 3553 1485 3637 Latium,
1502 3561 1621 3619 matres
1638 3575 1762 3638 regum,
1781 3555 1933 3639 purpurei
1950 3553 2088 3640 tyranni,

257 3713 258 3720 ,
287 3662 341 3745 qui
360 3681 415 3727 eur
432 3660 580 3744 inprimis
597 3665 750 3741 metuant,
767 3660 913 3744 proxima
931 3657 1063 3743 stropha
1073 3659 1225 3724 Horatius
1242 3662 1379 3744 exponit.
1412 3663 1495 3727 Turn
1513 3664 1659 3728 comitem
1677 3663 1911 3731 Necessitatem
1929 3663 2089 3748 describit,

288 3779 441 3855 tanquam
459 3771 632 3836 satellitem
647 3769 803 3851 fortunae,
821 3777 853 3835 et
867 3789 950 3852 quae
967 3770 1146 3835 necessitas
1160 3770 1244 3835 inter
1253 3769 1351 3854 Spem
1363 3771 1539 3856 Fidcmque
1554 3779 1585 3838 et
1598 3772 1773 3839 Fortunam
1788 3775 1974 3859 intercedat,
1992 3773 2087 3856 signi-

287 3880 374 3966 fieat,
402 3879 517 3964 quibus
541 3879 732 3946 contrariam
755 3879 1017 3946 consuetudinem
1035 3877 1154 3946 habere
1172 3881 1356 3946 meretrices
1380 3888 1413 3947 et
1430 3883 1564 3968 amicos,
1591 3884 1703 3967 quales
1721 3883 1850 3968 quidem
1868 3903 1940 3951 esse
1957 3885 2089 3966 soleant,

289 3997 385 4077 poeta
403 3989 575 4060 contendit
615 3989 656 4054 In
672 3986 734 4054 fine
752 3988 904 4054 carminis
921 3989 1081 4072 supplicat
1097 3987 1273 4073 Fortunae,
1300 3996 1336 4054 ut
1354 3989 1505 4058 Caesaris
1532 3993 1729 4077 expeditioni
1751 3995 1874 4079 faveat,
1900 3994 1954 4079 qui
1972 4001 2003 4058 et
2021 3992 2089 4058 Bri-

289 4101 396 4168 tannis
413 4098 534 4167 bellum
552 4099 700 4164 illatums
719 4103 768 4164 est
786 4105 818 4162 et
835 4098 979 4180 legiones
996 4099 1031 4164 in
1049 4098 1211 4166 Orientem
1230 4108 1341 4166 contra
1358 4101 1494 4168 Parthos
1512 4089 1681 4184 missums,
1707 4108 1741 4168 ut
1759 4125 1863 4190 arma,
1890 4124 1973 4188 quae
1990 4101 2089 4168 civili·

289 4208 349 4275 bus
367 4209 462 4274 bellis
479 4209 602 4293 polluta
620 4215 707 4292 sunt,
725 4214 919 4273 renoventur
937 4213 969 4273 et
987 4213 1138 4291 tanquam
1157 4218 1391 4276 consecrentur.
1430 4213 1543 4278 Totius
1560 4212 1659 4294 igitur
1672 4215 1823 4280 carminis
1840 4215 2001 4280 sententia
2019 4231 2089 4278 cnm

289 4326 400 4403 patere
418 4318 594 4402 rideretur,
614 4338 739 4404 semper
756 4312 971 4401 suspicionem
988 4318 1066 4382 mihi
1084 4325 1252 4384 moverunt
1269 4319 1387 4386 verba:

836 4428 882 4492 Te
900 4426 981 4510 Spes
999 4434 1031 4493 et
1048 4426 1122 4494 albo
1141 4447 1216 4493 rara
1233 4427 1332 4494 Fides
1349 4429 1425 4493 coiit

836 4537 951 4602 Velats
968 4557 1088 4621 panno,
1105 4555 1165 4602 nec
1183 4537 1330 4605 comitem
1347 4537 1486 4623 abnegat

877 4646 1056 4730 Utcumque
1074 4653 1197 4713 mutate
1214 4649 1354 4732 potentis

878 4756 975 4822 Veste
993 4755 1104 4822 domos
1123 4755 1254 4822 inimica
1267 4757 1395 4840 linquis.

292 4866 405 4949 Neque
423 4865 481 4930 illa
506 4863 740 4930 dubitationem
767 4885 930 4931 removere
957 4871 1140 4949 potuerunt,
1172 4887 1255 4950 quae
1286 4867 1450 4946 Lehrsr'ue,
1486 4875 1521 4934 ut
1546 4870 1621 4936 aliis
1647 4870 1681 4936 in
1707 4868 1902 4936 carminibus
1928 4868 2092 4938 severissi-

293 4994 364 5040 mus
398 4975 509 5056 iudex,
543 4975 590 5038 ita
617 4973 713 5040 huius
739 4974 890 5039 carminis
916 4974 1066 5040 defensor
1092 4976 1372 5058 eloquentissimus
1399 4998 1533 5062 eumque
1565 4987 1693 5045 secutus
1721 4977 1891 5045 Schritrius
1915 4979 1959 5045 ad
1993 4977 2093 5064 expli·

294 5081 399 5149 cande
417 5089 448 5148 et
466 5083 670 5150 defendenda
686 5083 767 5149 haee
778 5083 878 5150 rerba
895 5084 1081 5151 attulerunt.
1120 5083 1238 5152 Contra
1255 5105 1419 5169 quoscum
1438 5089 1503 5154 iam
1517 5089 1636 5154 Merces
1653 5091 1687 5156 in
1705 5091 1786 5157 actis
1805 5089 1967 5156 societatis
1984 5088 2095 5172 philol.

295 5194 398 5260 Berol.
412 5213 442 5260 a.
457 5196 537 5258 1878
554 5213 585 5277 p.
605 5197 663 5260 143
683 5194 891 5277 sagacissime
910 5195 1081 5278 monuerit,
1103 5215 1167 5262 non
1185 5196 1290 5278 magis
1309 5195 1377 5263 fieri
1394 5217 1489 5282 posse
1508 5207 1542 5265 ut
1560 5199 1702 5266 dicatur:
1732 5199 1832 5284 ,Spes
1851 5205 1883 5266 et
1900 5197 1998 5266 Fides
2016 5199 2093 5266 For-
