4574 5868
1011 500 1178 594 A..

191 690 318 774 legibus
331 690 519 760 Horatianis
536 713 601 760 nou
618 695 825 781 respondeat,
842 699 1026 772 Nauokinm
1043 701 1109 766 illis
1126 699 1206 766 locis
1223 694 1405 780 significare
1422 715 1493 760 cum
1511 714 1551 761 ex
1567 695 1656 774 aliis,
1681 702 1747 760 tum
1765 715 1804 762 ex
1821 696 1883 779 eis,
1910 715 1993 779 quae

191 799 235 867 ad
252 800 356 884 Hpod
376 805 424 886 13,
446 807 460 867 1
481 803 658 888 adnotavit,
677 813 821 890 apparet.
862 808 968 892 Atque
986 829 1045 893 ego
1064 808 1213 893 equidem
1230 806 1479 890 quotiescunque
1502 806 1547 871 ad
1572 805 1663 871 illum
1680 807 1785 872 locum
1808 805 1992 889 similesque

190 929 358 994 veneram,
376 931 501 996 semper
517 913 721 981 offendebam
738 916 773 983 in
790 917 847 982 illa
863 917 1006 984 Nauokii
1023 919 1191 1003 opinione:
1209 936 1305 1000 quam
1319 916 1373 982 vix
1389 935 1501 982 veram
1517 936 1589 982 esse
1607 914 1738 998 saepius
1755 915 1833 982 mihi
1850 915 1994 982 couside-

190 1021 278 1086 ranti
291 1028 389 1104 atque
401 1021 527 1088 Horatii
539 1022 640 1090 verba
651 1044 775 1091 mecum
790 1028 951 1110 reputanti
964 1035 1077 1112 aperte
1092 1025 1305 1112 profitendum
1321 1045 1393 1093 esso
1406 1026 1511 1091 visum
1525 1033 1583 1092 est.
1612 1024 1752 1090 Anxium
1769 1025 1850 1090 illud
1865 1025 1993 1109 quidem

192 1150 243 1196 me
260 1129 370 1212 babet,
388 1131 472 1214 qnod
491 1139 537 1198 tot
553 1133 615 1198 viri
632 1133 732 1218 docti,
748 1155 881 1218 quorum
895 1137 928 1202 in
943 1136 1092 1204 manibus
1105 1136 1205 1204 editio
1218 1135 1412 1202 Nauckiana
1429 1141 1486 1219 est,
1503 1135 1584 1202 nihil
1602 1133 1686 1218 quod
1704 1134 1803 1199 sciam
1818 1134 1860 1201 de
1877 1134 1937 1200 hac
1955 1154 1990 1201 re

190 1247 396 1323 monuerunt,
422 1241 456 1306 id
483 1247 591 1308 tamen
613 1245 722 1311 nescio
740 1264 783 1311 au
803 1265 934 1330 sperare
951 1247 1086 1331 possim,
1110 1247 1190 1330 fore,
1219 1252 1255 1311 ut
1271 1251 1328 1311 aut
1345 1245 1405 1326 eis,
1434 1265 1516 1329 quae
1543 1244 1687 1310 dicturus
1713 1263 1798 1328 sum,
1825 1242 1994 1311 Nauckius

190 1349 351 1416 adductus
368 1349 409 1415 de
427 1353 589 1419 sententia
605 1373 666 1419 sua
681 1353 829 1420 discedat
845 1362 903 1421 aut
919 1356 1038 1441 aliquis
1054 1377 1119 1440 me,
1140 1357 1168 1422 si
1186 1355 1373 1438 erraverim,
1390 1354 1525 1420 meliora
1543 1355 1665 1421 doceat

358 1459 464 1544 Atque
483 1462 608 1529 initium
628 1464 757 1546 quidem
783 1465 950 1548 capiamus
976 1465 1019 1531 ab
1044 1467 1148 1532 altera
1174 1486 1222 1548 re,
1249 1485 1344 1548 quam
1370 1463 1483 1549 pando
1500 1463 1608 1530 verbis
1626 1464 1759 1546 transigi
1787 1482 1882 1548 posse
1907 1471 1994 1547 puto.

192 1569 243 1634 Ad
261 1569 286 1655 Ι,
303 1571 354 1652 21),
374 1574 413 1634 10
440 1572 527 1656 apud
547 1573 730 1640 Nauolrium
748 1573 828 1640 haec
845 1575 998 1658 legimus:
1028 1595 1105 1656 ,noo
1128 1595 1231 1660 noque
1257 1564 1535 1641 nicht‘weder-
1548 1565 1649 1658 noch’,
1674 1594 1709 1640 so
1727 1574 1834 1655 vvenig
1856 1574 1906 1638 als
1923 1571 1994 1638 dies

193 1667 268 1743 οὔτε
294 1669 374 1745 οὐδὲ
400 1680 563 1767 bedeutet,
589 1684 729 1752 sontem
742 1675 865 1752 ‘weder
884 1721 925 1734 -
946 1684 1029 1752 auch
1047 1675 1143 1751 nicht'
1171 1689 1322 1767 vermdge
1344 1683 1435 1751 einer
1451 1683 1664 1751 Anaccluthie
1681 1683 1757 1749 etc.“
1802 1682 1874 1762 Qua
1899 1683 1932 1748 in
1958 1703 1993 1748 re

192 1791 330 1873 primum
348 1791 395 1874 id,
413 1793 498 1876 quod
516 1794 550 1859 in
564 1793 688 1860 Graeco
706 1815 853 1860 sermone
869 1795 1167 1861 manifestissimum
1185 1803 1248 1877 est,
1267 1783 1343 1858 oiim
1360 1800 1394 1860 et
1411 1785 1498 1868 οὐδὲ,
1519 1794 1547 1859 si
1565 1794 1721 1876 originem
1737 1813 1851 1860 vocum
1869 1798 1991 1876 specta

192 1900 286 1985 veris,
303 1903 399 1986 plane
417 1901 547 1968 diversa
564 1924 649 1988 esse,
667 1905 700 1970 in
717 1905 830 1987 lingua
847 1905 949 1970 latium
965 1903 1138 1970 admodum
1157 1900 1287 1970 dubium
1305 1913 1370 1971 est:
1388 1905 1497 1988 itaque
1515 1923 1624 1970 omnes
1643 1903 1711 1970 lere
1728 1910 1859 1970 nostrae
1875 1921 1992 1969 memo

192 2009 269 2092 riae,
286 2013 340 2095 qui
358 2010 457 2078 libros
473 2013 698 2095 grammaticos
710 2019 963 2098 composuerunt,
980 2014 1042 2079 viri
1056 2013 1140 2080 docti
1158 2014 1191 2080 in
1210 2034 1247 2079 eo
1266 2010 1528 2096 consentiuntss)
1546 2015 1630 2080 inter
1641 2033 1699 2078 neo
1712 2019 1745 2078 et
1757 2033 1858 2094 neqrw
1871 2013 1992 2078 nullam

193 2121 435 2202 significationis
445 2142 517 2188 esse
528 2123 751 2190 differentiam.
779 2122 1147 2207 AoGaesaremquidem
1159 2144 1218 2188 oco
1228 2125 1387 2208 particula
1398 2135 1475 2191 anto
1484 2125 1613 2190 vocales
1630 2123 1677 2222 pti
1694 2128 1804 2189 uotum
1822 2129 1880 2207 ost,
1897 2142 1993 2205 quarn
2103 2185 2112 2204 ,

193 2231 329 2298 eandem
356 2233 460 2314 legem
478 2231 700 2318 Vergiliusll)
725 2241 757 2299 et
779 2229 1025 2318 Propertins¹⁴)
1052 2235 1238 2318 plemmque
1262 2235 1363 2300 secuti
1390 2241 1478 2316 sunt,
1504 2234 1609 2300 simile
1626 2233 1704 2316 quid
1721 2231 1904 2298 Lucretium
1931 2229 1993 2298 sibi

191 2341 439 2424 praesumpsisse
456 2341 742 2426 Lachmaunus¹⁶)
760 2344 876 2410 docuit
921 2343 1086 2422 Quomodo
1113 2344 1161 2409 illi
1179 2345 1226 2410 ita
1250 2342 1390 2409 scribere
1407 2347 1590 2428 potueruut,
1611 2343 1694 2409 siin
1720 2361 1865 2408 sermone
1891 2341 1993 2408 latino

192 2450 276 2516 inter
293 2470 351 2514 nec
368 2457 400 2516 et
417 2471 519 2533 oeque
535 2453 710 2537 quidquam
729 2453 922 2522 interesset?
957 2453 1124 2520 Horatium
1143 2460 1250 2520 autem
1268 2453 1406 2519 similem
1424 2455 1530 2536 legem
1547 2452 1608 2519 sibi
1626 2452 1773 2538 posuisse
1790 2457 1862 2533 post
1880 2450 1993 2518 Kirch-

191 2561 321 2638 neri¹⁶)
348 2559 597 2646 disputationem
624 2564 807 2648 nuperrimo
834 2563 1087 2630 luouleutissime
1114 2563 1263 2646 exposuit
1290 2563 1403 2629 Keller
1431 2563 1546 2648 epilog.
1566 2584 1595 2647 p.
1616 2568 1685 2627 141.
1726 2563 1838 2645 ltaque
1866 2561 1894 2626 si
1920 2579 1991 2626 eam

191 2669 311 2752 legem,
337 2689 400 2752 qua
422 2679 497 2738 ante
514 2675 643 2739 vocales
660 2693 763 2756 oeque
780 2675 883 2740 forma
901 2673 1058 2756 utebatur,
1085 2671 1146 2738 sibi
1164 2679 1315 2756 posuerat
1331 2672 1496 2756 Horatius,
1521 2692 1584 2755 quo
1610 2673 1681 2737 iure
1707 2673 1804 2738 aliam
1831 2671 1990 2738 notionem

192 2799 305 2860 aeque,
320 2781 419 2845 aliam
437 2801 495 2845 nec
511 2781 688 2864 particulae
705 2782 838 2849 subesse
856 2783 1006 2848 contendi
1025 2782 1140 2866 possit,
1158 2801 1220 2846 non
1238 2781 1341 2847 video.
1383 2784 1432 2848 Ac
1448 2803 1489 2848 ne
1507 2783 1668 2848 sententia
1685 2783 1813 2864 quidem
1832 2783 1896 2847 tale
1913 2777 1990 2863 quid

193 2885 346 2972 flagitari,
374 2891 529 2975 exemplis
545 2888 687 2957 firmabo.
725 2888 749 2976 I,
771 2895 796 2976 1,
810 2895 859 2958 32.
883 2898 911 2976 4,
926 2895 955 2958 3.
983 2896 1031 2976 12,
1045 2894 1094 2956 21.
1117 2893 1229 2973 22,13.
1258 2889 1317 2972 ΙΙΙ,
1338 2897 1363 2974 1,
1377 2894 1427 2956 25.
1452 2897 1479 2974 5,
1493 2894 1542 2956 27.
1564 2887 1686 2970 10,18.
1713 2889 1764 2972 11,
1779 2885 1836 2956 43.
1861 2887 1918 2970 74,
1933 2885 1990 2953 86.

192 2995 245 3080 17,
264 3001 292 3082 7,
306 3003 356 3064 25.
386 3001 487 3083 spec
504 2999 546 3084 (a,
562 2998 627 3083 57).
646 3005 674 3082 7,
692 3007 738 3067 71.
768 3007 815 3086 17,
828 3005 878 3067 31.
891 3035 934 3048 -

358 3125 517 3205 Quoniam
535 3125 674 3192 vidimus
692 3128 775 3194 inter
792 3147 893 3208 aeque
911 3133 943 3192 et
959 3147 1018 3191 ceo
1035 3125 1116 3193 nihil
1132 3126 1302 3205 interesse,
1329 3145 1440 3192 omnes
1463 3127 1537 3192 illas
1554 3124 1695 3193 Nauclrii
1712 3124 1992 3208 interpretationes

192 3241 224 3298 et
240 3235 466 3302 adnotationes
483 3255 566 3318 quae
583 3235 625 3300 ab
642 3237 700 3302 illa
717 3235 900 3302 differentia
919 3237 1077 3302 ducantur
1095 3239 1241 3302 constare
1258 3255 1322 3300 nou
1339 3255 1434 3318 posse
1450 3235 1688 3301 concedendum
1706 3235 1783 3300 erit:
1807 3241 1902 3317 atque
1919 3255 1991 3300 meo

192 3344 264 3411 iure
283 3365 380 3428 agere
397 3345 476 3411 mihi
493 3347 583 3411 visus
603 3365 686 3426 snm,
704 3347 789 3428 quod
805 3347 840 3412 iu
857 3347 918 3430 eis,
936 3365 1019 3429 quae
1032 3350 1222 3428 sequnntur,
1240 3343 1452 3427 coniungendi
1470 3344 1631 3429 formulis,
1648 3363 1704 3410 eas
1717 3365 1800 3428 quae
1817 3365 1875 3429 per
1892 3363 1993 3426 oeque

190 3463 222 3518 et
240 3473 323 3538 quae
341 3475 398 3539 per
415 3475 474 3520 aco
491 3454 579 3538 fiunt,
596 3475 661 3521 nou
678 3457 856 3539 segregavi.

400 3581 507 3647 Unum
529 3581 648 3664 habeo,
673 3581 759 3666 quod
776 3581 904 3647 addam.
946 3580 1084 3647 Ducenti
1101 3581 1240 3664 quinque
1258 3600 1370 3646 versus
1388 3579 1507 3645 Adouli
1525 3578 1567 3645 ab
1585 3580 1718 3646 Horatio
1744 3581 1908 3663 compositi
1938 3599 1992 3646 ex-

191 3693 295 3753 stant:
312 3689 346 3754 in
363 3709 498 3772 quorum
516 3691 604 3758 nullo
621 3691 774 3757 Horatius
790 3693 937 3757 vocalem
956 3692 1055 3774 elisit,
1073 3699 1201 3775 praeter
1219 3691 1260 3771 H,
1281 3692 1328 3773 16,
1343 3691 1371 3773 8,
1388 3723 1431 3734 -
1448 3689 1476 3755 si
1494 3709 1562 3774 eos,
1585 3689 1639 3773 qui
1657 3687 1831 3754 novissime
1848 3691 1992 3756 carmina

189 3795 369 3864 Horatiana
386 3799 572 3882 ediderunt,
590 3801 753 3884 sequimur
765 3821 884 3882 ,aeque
894 3801 994 3865 our0“
1007 3800 1199 3867 scribentes:
1216 3817 1401 3882 numquam
1416 3797 1477 3865 sibi
1495 3797 1631 3866 finxerat
1647 3799 1752 3880 legem
1766 3799 1931 3864 Bentleius
1941 3802 1953 3838 ¹
1963 3801 1992 3873 7)

189 3925 308 3972 vanarn
326 3929 398 3974 esse
412 3908 611 3978 Kirchuerus
628 3913 648 3977 Ι.
666 3912 686 3976 Ι.
704 3910 945 3977 demonstravit
974 3911 1087 3993 Itaque
1104 3909 1255 3994 quoniam
1272 3929 1314 3974 ne
1329 3907 1479 3974 Kellerus
1496 3909 1625 3993 quidem
1643 3928 1700 3991 pro
1724 3915 1809 3974 certo
1830 3907 1992 3974 affirmare

189 4023 295 4099 potest
308 4019 343 4082 in
357 4019 531 4104 archetypo
546 4021 697 4106 seriptum
716 4021 816 4086 fuisse
830 4039 942 4102 oeque,
962 4020 1019 4085 sed
1033 4040 1072 4087 eo
1091 4027 1213 4086 tantum
1227 4018 1439 4102 progreditur,
1457 4024 1492 4083 ut
1508 4018 1612 4084 locum
1626 4019 1659 4083 in
1678 4037 1717 4083 eo
1735 4037 1866 4083 numero
1883 4021 1992 4101 ponat,

190 4125 301 4209 inquo
317 4126 413 4207 louge
429 4129 697 4196 verisimillimum
715 4129 874 4209 sitneque
892 4129 934 4194 ab
944 4129 1068 4195 Horatii
1086 4149 1183 4194 manu
1202 4127 1378 4213 proiectum
1396 4146 1468 4192 esse
1485 4133 1517 4192 et
1534 4127 1685 4210 quoniam
1699 4147 1757 4192 neo
1774 4133 1850 4192 ante
1863 4125 1992 4193 vocales

189 4255 308 4319 ponere
326 4234 478 4302 Horatius
496 4258 560 4303 non
577 4240 674 4319 plane
691 4239 813 4304 veritus
833 4246 882 4304 est
898 4239 932 4303 iu
951 4237 1011 4304 hoo
1033 4259 1128 4305 versu
1153 4236 1349 4321 scripserim,
1376 4243 1411 4301 ut
1436 4236 1526 4302 illam
1551 4237 1655 4319 legem
1674 4236 1818 4302 elisiouis
1843 4237 1877 4302 in
1894 4256 1990 4303 versu

189 4345 317 4410 Adonio
333 4344 500 4429 vitandae,
518 4354 603 4414 certe
621 4369 686 4414 nou
703 4347 824 4430 minus,
842 4368 925 4431 quae
943 4345 1142 4431 observetur,
1160 4346 1291 4429 dignam
1310 4351 1419 4410 tuear:
1435 4365 1493 4409 neo
1512 4363 1601 4410 auro.

358 4454 498 4538 Longior
519 4457 623 4522 altera
641 4463 690 4521 est
707 4457 852 4539 quaestio
872 4457 913 4523 de
927 4463 957 4523 et
973 4477 1034 4540 que
1051 4478 1091 4523 ce
1107 4455 1338 4542 particularum
1355 4473 1425 4518 usu.
1467 4461 1515 4519 Ao
1530 4455 1668 4537 primum
1686 4454 1813 4539 quidem
1833 4455 1866 4520 iu
1884 4455 1991 4537 singu-

188 4562 293 4628 larum
311 4565 542 4648 particularum
559 4565 832 4631 coniunctivarum
851 4587 912 4631 usu
929 4589 1024 4651 quum
1050 4569 1114 4633 levi
1141 4584 1212 4631 cum
1231 4562 1409 4629 mutatione
1431 4563 1611 4631 sententiae
1629 4570 1659 4629 et
1676 4585 1737 4646 qao
1754 4585 1793 4630 ao
1811 4565 1990 4650 promiscue

362 4782 405 4849 12)
422 4781 545 4852 lllthner,
562 4785 599 4851 ll,
617 4801 643 4852 p.
661 4785 719 4838 656.
754 4783 875 4854 Drttger,
891 4785 929 4854 ll,
946 4801 972 4852 p.
990 4787 1031 4839 63.
1069 4783 1206 4837 Grossrau
1223 4795 1250 4846 p.
1269 4779 1328 4833 591·

359 4866 403 4932 13)
422 4867 568 4935 Ribbeck,
586 4868 656 4936 prol.
674 4869 733 4922 4³5.

359 4950 402 5014 14)
420 4951 589 5020 Lachmann,
606 4952 643 5006 ad
661 4952 743 5022 Prop.
761 4971 788 5022 p.
806 4957 865 5009 365.

357 5033 400 5099 16)
418 5035 587 5103 Lachmann,
604 5037 640 5090 sd
658 5038 739 5093 Luor.
758 5039 809 5106 lll,
826 5041 884 5093 853.

358 5117 402 5182 ltl)
420 5117 456 5171 ud
474 5127 526 5174 sat.
543 5121 580 5188 ll,
597 5125 622 5190 2,
639 5125 681 5176 ill.

358 5204 401 5269 17)
418 5203 454 5256 ad
472 5204 523 5272 ΙΙΙ,
542 5208 582 5259 11.
599 5210 641 5260 43.
