4574 5868
1095 487 1264 582 ...²-

278 688 332 772 qui
359 695 435 754 ante
460 694 600 754 aetatem
617 687 776 754 Hadriani
793 688 939 754 fuerunt:
965 706 1158 771 quamquam
1176 687 1231 770 qui
1256 687 1360 754 ultimi
1387 708 1497 754 eorum
1525 694 1612 773 sunt,
1639 687 1704 752 iam
1731 685 1864 753 liberius
1889 687 1924 752 in
1941 687 2008 752 illis
2025 687 2083 753 ad-

278 797 404 864 iectivis
422 797 616 882 usurpandis
632 797 784 864 videntur
803 799 917 880 egisse.
948 796 1171 863 Additamenti
1187 798 1256 863 loco
1275 796 1468 880 subiungere
1486 798 1689 864 institueram
1707 795 1823 864 seriem
1841 780 2082 883 adiectirorum,

279 926 362 991 quae
380 907 467 990 apud
476 907 678 989 ,posteriores
705 907 920 991 inveniuntur,
944 906 1001 972 sed
1023 906 1126 989 omisi,
1143 906 1219 990 quia
1236 905 1278 971 ab
1296 907 1475 974 Horatiana
1492 908 1681 992 quaestione
1698 907 1807 973 aliena
1834 913 1924 973 sunt:
1950 906 1985 972 id
2010 906 2082 972 dico

280 1016 600 1083 animadvertendum
619 1036 703 1100 esse,
717 1037 809 1082 usum
828 1005 954 1082 illorum
972 1016 1202 1082 adiectirorum
1220 1017 1255 1082 in
1268 1017 1338 1084 dies
1351 1017 1597 1102 frequentiorem
1615 1018 1743 1102 factum,
1760 1017 1970 1102 inprimisque
1984 1017 2082 1100 scrip

279 1132 366 1192 tores
390 1127 625 1192 ecclesiasticos
651 1123 831 1192 incredibili
858 1126 996 1210 quodam
1023 1145 1133 1190 eorum
1158 1125 1387 1192 vocabulorum
1414 1149 1523 1194 amore
1549 1128 1670 1194 teneri:
1698 1127 1824 1192 activae
1849 1135 1957 1192 antem
1984 1126 2081 1208 signi·

279 1234 437 1302 ficationis
455 1239 601 1321 exempla
618 1237 733 1303 mirum
751 1237 785 1302 in
803 1236 932 1301 modum
951 1236 1073 1319 augeri.
1115 1235 1230 1302 Omnia
1256 1244 1364 1302 autem
1383 1237 1543 1303 adiectira
1569 1236 1628 1302 sub
1650 1258 1749 1303 unum
1776 1242 1979 1322 conspectum
1997 1235 2078 1301 subi-

279 1346 395 1412 cienda
409 1366 481 1412 esse
493 1346 620 1430 putari,
639 1356 674 1413 ut
690 1353 722 1413 et
740 1367 851 1413 omnes
868 1347 938 1413 sine
955 1365 1067 1431 opera,
1085 1346 1163 1429 quid
1176 1347 1381 1412 statuendum
1395 1352 1489 1430 esset,
1509 1346 1652 1412 iudicare
1664 1354 1796 1428 possent
1811 1353 1843 1411 et
1856 1347 1931 1411 aliis
1944 1345 2079 1411 facultas

280 1456 412 1522 daretur
430 1475 470 1522 ex
488 1456 539 1521 bis
557 1457 675 1522 tabulis
693 1459 759 1522 alia
777 1476 909 1540 quoque,
928 1477 1011 1540 quae
1029 1454 1072 1521 ad
1089 1463 1231 1550 nostram
1249 1457 1526 1539 quaestiunculam
1544 1478 1607 1523 non
1625 1457 1797 1540 pertinent,
1816 1454 2003 1522 coniciendi.

445 1565 493 1631 Ac
518 1567 654 1650 primum
682 1568 811 1650 quidem
837 1567 931 1650 haec,
957 1586 1040 1650 quae
1066 1571 1248 1649 sequuntur,
1275 1565 1452 1650 adiectiva,
1481 1565 1629 1632 omnibus
1655 1567 1734 1631 locis
1759 1566 1921 1630 sententio
1943 1566 2080 1645 passiva

280 1675 469 1759 accipienda
488 1695 559 1741 esse
577 1695 598 1740 a
614 1678 703 1741 nullo
721 1678 834 1759 negari
852 1697 947 1761 posse
964 1683 1054 1759 puto,
1080 1675 1165 1759 quod
1187 1681 1294 1741 tamen
1312 1693 1377 1741 non
1399 1676 1445 1740 ita
1462 1695 1483 1740 a
1501 1696 1552 1742 me
1570 1676 1695 1760 dicitur,
1722 1683 1757 1741 ut
1779 1675 1813 1740 in
1842 1673 2080 1758 interpretando

280 1805 374 1869 posse
392 1805 452 1849 nos
471 1785 601 1868 saepius
618 1787 777 1853 adiectiro
795 1787 920 1850 activae
937 1785 1186 1868 significotsbaa'a
1203 1785 1250 1850 uti
1269 1805 1398 1870 negem,
1416 1792 1450 1851 nt
1467 1785 1617 1870 affabilis,
1636 1783 1912 1868 commendabilis,
1930 1783 2006 1848 alia.

447 1894 657 1977 accusabilis,
671 1894 882 1979 admirabilis,
906 1893 1088 1978 adulabilis,
1117 1893 1375 1980 aequiperabilis,
1404 1894 1625 1980 aestimabilis,
1650 1893 1906 1978 inaestimabilis,
1932 1892 2081 1976 affabilis,

280 2003 453 2089 agitabilis,
467 2005 675 2091 inagitabilis,
695 2005 911 2090 allaudabilis,
928 2004 1137 2088 altemabilis,
1156 2002 1313 2087 amabilis,
1331 2003 1526 2090 inamabilis,
1544 2003 1685 2088 arabilis,
1703 2002 1920 2085 ascendibilis,
1932 2012 2081 2096 aspecta·

280 2114 364 2198 bilis,
394 2115 616 2202 aspernabilis,
647 2113 846 2200 aversabilis,
878 2113 1085 2198 castigabilis,
1117 2113 1266 2198 cocibilis,
1303 2112 1493 2196 cogitabilis,
1526 2114 1750 2196 incogitabilis,
1782 2111 1969 2196 cognobilis,
2001 2133 2081 2178 com·

280 2222 482 2300 mendabilis,
501 2225 736 2310 comparabilis,
753 2222 1023 2308 incomparabilis,
1041 2221 1346 2308 comprehensibilis,
1364 2222 1598 2310 computabilis,
1611 2222 1855 2308 congregabilia,
1869 2222 2081 2308 consolabilis,

281 2332 529 2418 inconsolabilis,
554 2333 822 2418 consummabilis,
849 2331 1021 2416 credibilis,
1045 2333 1252 2416 incredibilis,
1279 2331 1440 2418 curabilis,
1467 2333 1682 2418 delassabilis‚
1703 2331 1860 2414 delebilis,
1888 2330 2081 2416 indelebilis,

281 2443 515 2528 desiderabilis,
539 2442 747 2528 detestabilis,
769 2442 983 2527 disputabilis,
1012 2440 1219 2526 dissipabilis,
1239 2441 1446 2527 dissolubilia,
1472 2441 1714 2526 indissolubilis,
1735 2440 1915 2526 domabilis,
1941 2440 2082 2507 indoma-

281 2553 365 2638 bilis,
400 2553 568 2635 donabilis,
599 2551 794 2637 dubitabilis,
829 2550 1059 2634 indubitabilis,
1095 2550 1282 2634 eluctabilis,
1319 2551 1545 2634 ineluctabilis,
1575 2550 1796 2635 emendabilis,
1830 2551 2083 2635 inemendabilis,

282 2662 483 2746 enarrabilis,
513 2661 747 2744 inenarrabilis,
778 2660 971 2746 equitabilis,
1001 2661 1227 2746 inequitabilis,
1254 2660 1425 2746 evitabilis,
1457 2660 1662 2746 inevitabilis,
1688 2661 1920 2744 excruciabilis,
1951 2681 2083 2727 excusa-

282 2774 365 2852 bilis,
391 2771 627 2856 inexcusabilis,
659 2771 890 2857 existimabilis,
916 2771 1116 2857 exoptabilis,
1148 2771 1338 2855 expetibilis,
1365 2771 1586 2856 explanabilis,
1605 2769 1813 2857 explicabilis,
1840 2769 2083 2854 inexplicabilis,

285 2880 519 2967 expugnabilis,
537 2881 808 2967 inexpugnabilis,
832 2881 1066 2960 exsaturabilis,
1088 2879 1304 2961 exscreabilis,
1321 2879 1560 2961 famigerabilis,
1583 2880 1710 2958 flabilis,
1726 2876 1910 2959 perflabilis,
1927 2879 2079 2956 flexibilis,

282 2991 436 3075 forabilis,
453 2990 675 3074 formidabilis,
692 2989 838 3074 friabilis,
856 2988 1020 3072 fricabilis,
1038 2986 1265 3070 glomerabilis,
1281 2984 1507 3072 gubernabilis,
1525 2984 1721 3068 habitabilis,
1743 2981 1971 3067 inhabitabilis,
1987 2981 2080 3048 bono·

284 3101 404 3184 rabilis,
422 3101 592 3186 horribilis,
610 3099 807 3184 ignorabilis,
825 3097 1032 3182 ignoscibilis,
1050 3096 1265 3182 illaoerabilis,
1283 3095 1463 3170 illocabilis,
1482 3096 1655 3180 imitabilis,
1672 3094 1883 3177 inimitabilis,
1900 3094 2082 3158 immacula-

283 3212 366 3297 bilis,
379 3211 634 3294 immedicabilis,
648 3208 881 3291 immersabilis,
895 3205 1142 3290 immiserabilis,
1155 3205 1416 3290 impenetrabilis,
1429 3205 1624 3290 impetibilis,
1638 3203 1856 3290 implorabilis,
1869 3202 2083 3287 impossibilis,

283 3322 486 3403 inclinabilis,
512 3319 759 3402 indeclinabilis,
784 3314 1046 3399 indefatigabilis,
1068 3315 1379 3400 indeprehensibilis,
1409 3314 1593 3400 ineffabilis,
1623 3313 1847 3395 inenodabilis,
1865 3313 2084 3390 inexcitabilis,

283 3431 501 3516 inexorabilis,
527 3429 741 3515 inexpiabilis,
767 3426 978 3510 inexplebilis,
1003 3423 1239 3510 inexputabilis,
1258 3424 1538 3510 inexstinguibilis,
1564 3422 1824 3508 inexstirpabilis,
1846 3420 2083 3502 inextricabilis,

283 3540 503 3626 infatigabilis,
526 3539 735 3624 ingestabilis‚
759 3535 974 3620 ingustabilis,
1000 3534 1162 3618 innabilis,
1185 3534 1415 3619 insaturabilis,
1438 3533 1632 3617 insecabilis,
1650 3532 1839 3615 insolubilis,
1857 3531 2084 3614 intellegibilis,

285 3650 454 3735 intrabilis,
471 3648 717 3733 investigabilis,
734 3644 987 3728 invulnerabilis,
1011 3644 1234 3727 irremeabilis,
1254 3645 1430 3730 irritabilis,
1456 3643 1625 3727 iactabilis,
1650 3640 1842 3724 iaculabilis,
1868 3638 2084 3721 lacrimabilis,

285 3759 466 3844 laudabilis,
484 3757 691 3841 illaudabilis,
708 3754 898 3838 mactabilis,
920 3753 1146 3838 memorabilis,
1162 3753 1458 3838 commemorabilis,
1474 3751 1665 3835 mercabilis,
1682 3751 1849 3835 mirabilis,
1871 3748 2008 3834 mobilis,
2026 3749 2083 3814 im-

285 3870 421 3954 mobilis,
446 3867 661 3950 moderabilis,
677 3863 891 3947 modulabilis,
908 3863 1134 3949 monstrabilis,
1151 3863 1414 3948 multiplicabilis,
1431 3861 1604 3943 mutabilis,
1622 3859 1864 3943 commutabilis,
1880 3861 2085 3925 incommuta-

285 3979 368 4064 bilis,
386 3977 604 4060 immutabilis,
629 3974 811 4058 narrabilis,
837 3972 1039 4057 navigabilis,
1063 3973 1300 4058 innavigabilis,
1325 3973 1488 4058 notabilis,
1514 3970 1736 4053 numerabilis,
1758 3968 2013 4052 innumerabilis,
2034 3967 2086 4033 ob-

286 4089 463 4170 servabilis,
485 4085 738 4167 inobservabilis,
753 4083 890 4166 odibilis,
912 4081 1094 4167 opinabilis,
1111 4082 1327 4168 inopinabilis,
1346 4083 1505 4168 optabilis,
1524 4081 1689 4167 parabilis,
1708 4080 1931 4165 perspicibilis,
1948 4078 2086 4164 piabilis,

285 4195 462 4281 placabilis,
476 4195 697 4280 implacabilis,
710 4192 900 4279 plausibilis,
912 4193 1087 4278 plorabilis,
1100 4192 1301 4276 populabilis,
1314 4192 1490 4278 portabilis,
1503 4190 1739 4275 praedicabilis,
1750 4188 1965 4273 praestabilis,
1975 4188 2085 4274 proba-

285 4305 368 4382 bilis,
382 4304 610 4390 improbabilis,
619 4304 810 4389 pugnabilis,
819 4303 1006 4388 purgabilis,
1019 4302 1221 4385 quassabilis,
1235 4301 1445 4384 rationabilis,
1459 4299 1649 4383 refutabilis,
1661 4297 1887 4381 remediabilis,
1900 4297 2086 4364 irremedia-

287 4415 369 4497 bilis,
394 4414 593 4500 reparabilis,
621 4413 849 4498 irreparabilis,
876 4411 1071 4496 resecabilis,
1100 4411 1261 4494 restibilis,
1289 4410 1489 4494 revocabilis,
1516 4408 1746 4492 irrevocabilis,
1773 4406 1967 4490 revolubilis,
1994 4427 2086 4474 sana·

289 4524 372 4609 bilis,
398 4523 598 4604 insanabilis,
620 4522 790 4605 sensibilis,
808 4521 1005 4606 separabilis,
1025 4520 1260 4605 inseparabilis,
1282 4519 1466 4605 sepelibilis,
1492 4519 1670 4603 servabilis,
1691 4513 1864 4598 sociabilis,
1881 4515 2088 4600 insociabilis,

288 4633 482 4718 spectabilis,
512 4632 740 4718 inspectabilis,
768 4631 980 4716 speculabilis,
1012 4630 1190 4716 sperabilis,
1221 4629 1433 4715 insperabilis,
1464 4627 1665 4715 superabilis,
1690 4622 1932 4708 exsuperabilis,
1960 4625 2087 4709 insupe-

289 4742 414 4828 rabilis,
447 4744 728 4827 inexsuperabilis,
758 4741 949 4824 tolerabilis,
979 4735 1230 4820 intolerabilis1)
1237 4789 1245 4822 ‚
1275 4738 1466 4822 tractabilis,
1492 4735 1718 4814 intractabilis,
1748 4734 1885 4820 utibilis,
1913 4735 2088 4816 vectabilis,

454 4945 480 5008 1)
506 4939 605 4998 Afran.
633 4960 702 4998 com.
729 4945 778 4997 255
806 4942 882 5012 quod
906 4957 988 4994 unum
1016 4940 1172 5010 exemplum
1204 4935 1417 5008 significationis
1448 4938 1558 4992 activae
1590 4942 1702 5006 praeter
1727 4936 1846 5005 plurima
1873 4933 2086 5006 significationis

287 5027 416 5097 passivae
435 5027 567 5082 affertur:

616 5113 730 5183 quodsi
745 5112 871 5182 fecissem
885 5110 971 5180 paulo
989 5110 1107 5181 carpatur,
1126 5107 1261 5162 didicisset
1277 5109 1357 5178 serre
1375 5115 1401 5161 et
1419 5125 1475 5162 ooo
1493 5124 1550 5162 esse
1567 5105 1748 5160 intolerabilis

287 5197 354 5254 nibil
372 5197 492 5267 probat;
511 5199 577 5266 quid
596 5199 672 5268 quod
690 5198 795 5254 Nonius
813 5199 873 5267 ipse
892 5197 961 5252 bace
979 5195 1079 5250 habet:
1097 5193 1284 5258 intolerabilis,
1302 5194 1331 5248 id
1350 5203 1402 5262 est,
1420 5209 1491 5263 quae
1509 5192 1624 5248 tolerari
1643 5207 1699 5246 non
1716 5192 1815 5261 possit
