4574 5868
203 665 410 734 manifestum
435 664 471 732 fit
497 685 537 732 cx
562 664 669 732 verbis
695 665 863 750 proximis,
888 683 971 748 quac
996 671 1065 730 tum
1092 663 1220 730 demum
1248 663 1334 728 omni
1362 683 1401 729 ex
1427 668 1519 747 parte
1545 659 1706 728 contraria
1730 659 1829 743 priori
1855 659 2005 744 strcpbae

204 776 289 860 parti
307 783 389 844 sunt

371 883 448 950 Alia
465 891 514 950 est
530 905 583 951 res
601 885 702 950 altero
720 883 805 967 loco,
831 884 872 951 de
891 904 954 968 quo
978 884 1075 950 iacile
1097 883 1225 950 ridetur
1246 881 1409 948 iudicium
1452 883 1581 966 Duplici
1599 879 1837 946 illacrimabdis
1854 879 2004 946 adjectivi

205 993 476 1077 interpretationi,
502 1013 566 1077 qua
593 992 827 1060 illacrimabilis
853 993 970 1060 diciturr
995 1001 1028 1060 et
1045 995 1074 1061 is
1092 995 1227 1078 quinon
1254 993 1402 1060 lacrimat
1429 997 1460 1057 et
1486 992 1595 1075 isqui
1620 1011 1685 1057 non
1703 989 1852 1072 defletur,
1878 989 2006 1055 tertiam

203 1101 325 1169 adiecit
342 1100 522 1186 Scbtttzius,
540 1103 596 1187 qui
612 1102 728 1172 Orcum
745 1103 1001 1172 illacrimabilenr
1019 1104 1083 1170 dici
1100 1102 1276 1180 contendit,
1295 1103 1371 1186 quia
1387 1101 1530 1168 lacrimis
1548 1101 1675 1167 exorari
1692 1122 1756 1166 non
1773 1103 1877 1184 queat.
1913 1097 2006 1176 Quod

203 1233 315 1282 renum
333 1232 406 1278 esse
427 1213 493 1278 iam
511 1213 680 1281 Nauckius
703 1215 880 1282 rectissime
898 1215 1044 1298 negarit,
1069 1213 1151 1297 quod
1179 1212 1350 1278 lacrimare
1374 1231 1439 1278 non
1465 1212 1507 1276 sit
1533 1211 1674 1277 lacrimis
1699 1211 1839 1294 aliquem
1866 1229 2008 1275 exorare.

203 1323 317 1407 Itaque
336 1343 407 1388 eum
426 1322 527 1389 Orcus
543 1321 608 1388 dici
624 1344 689 1390 non
706 1324 819 1408 possit,
847 1324 900 1407 qui
918 1344 939 1390 a
957 1324 1045 1390 nullo
1068 1321 1169 1407 fletur,
1195 1321 1263 1388 deri
1285 1343 1350 1388 non
1372 1327 1492 1406 potest,
1516 1321 1593 1403 quin
1610 1319 1726 1386 Orcum
1750 1318 2006 1386 illacrimabilem

204 1454 278 1500 eum
296 1450 369 1498 esse
386 1431 593 1516 explicemus,
610 1434 665 1517 qui
683 1455 748 1500 non
764 1434 928 1507 lacrimat,
947 1441 1044 1517 atque
1061 1439 1241 1499 statuamus
1254 1431 1420 1498 Horatium
1434 1431 1618 1513 analogiam
1635 1430 1866 1496 adiectivorum
1883 1429 2007 1512 primae

207 1543 321 1608 classis
340 1550 375 1608 ut
391 1540 508 1608 flebilis
527 1550 585 1608 etc.
603 1550 747 1610 secutum
765 1563 846 1610 esse.

1047 1737 1080 1818 1,
1105 1739 1163 1804 22.

370 1870 480 1936 Pauca
495 1869 537 1934 dc
555 1869 615 1935 boo
633 1871 774 1936 carmine
792 1871 958 1955 disputare
975 1870 1138 1954 constitui,
1156 1870 1233 1953 quia
1251 1869 1348 1934 etiam
1365 1869 1400 1934 in
1417 1869 1592 1935 novissima
1610 1867 1751 1934 editione
1768 1867 1937 1934 Nauckius
1953 1888 2006 1934 cx-

206 1981 372 2066 plicationi
389 1978 544 2044 nonnulla
563 1980 744 2064 praemisit,
761 2001 846 2064 quae
863 1986 898 2046 ut
915 1979 1061 2064 probem,
1086 1979 1204 2045 adduci
1223 1999 1286 2046 non
1312 1999 1451 2063 possum.
1494 1977 1648 2061 cognosci
1665 1977 1744 2044 dicit
1762 1997 1802 2044 ex
1823 1985 1925 2044 metro
1943 1979 2005 2044 Ho-

206 2092 338 2173 ratium,
356 2109 429 2155 cum
446 2087 481 2153 id
499 2107 627 2154 carmen
644 2088 807 2172 tunderet,
835 2109 946 2156 severo
964 2089 1103 2174 quodam
1120 2097 1152 2155 et
1170 2094 1280 2156 sancto
1298 2090 1405 2156 animo
1423 2089 1540 2171 luisse,
1565 2087 1661 2172 idque
1685 2108 1750 2153 non
1767 2087 1889 2170 fugisse
1907 2089 2006 2155 medi·

206 2220 277 2266 curn
295 2201 400 2282 illum,
426 2198 480 2282 qui
498 2197 609 2264 modos
626 2200 761 2266 carmini
777 2200 905 2266 iaceret
945 2199 1104 2266 Medicum
1121 2199 1212 2264 illum
1238 2197 1438 2281 eundemque
1461 2198 1617 2264 musicum
1634 2197 1722 2264 baud
1739 2198 2005 2264 contemnendum

207 2311 276 2394 illo,
294 2329 389 2392 quern
407 2307 575 2374 Nauckius
592 2307 758 2393 describit,
781 2310 889 2375 animo
907 2309 1020 2392 inisse,
1042 2329 1114 2374 cum
1131 2307 1242 2374 modos
1260 2314 1474 2392 componeret,
1492 2307 1645 2391 concedo,
1662 2307 1831 2374 Horatium
1849 2329 1919 2374 curn
1938 2327 2006 2374 car·

206 2439 280 2486 men
297 2426 465 2502 pangeret,
492 2436 532 2483 ea
557 2419 658 2484 animi
680 2419 867 2486 condicione
889 2439 982 2485 usum
999 2437 1082 2502 nego
1105 2419 1283 2501 mudtosque
1300 2423 1411 2483 nostra
1428 2423 1548 2498 aetate,
1573 2417 1628 2501 qui
1645 2417 1839 2484 Nauckiana
1866 2419 2006 2484 editione

207 2532 242 2596 in
259 2528 406 2614 plurimis
432 2525 528 2592 rebus
555 2529 687 2610 egregia
704 2535 849 2612 utantur,
876 2537 912 2594 ut
928 2529 1111 2594 Nanokium
1128 2549 1150 2594 a
1167 2530 1291 2595 medico
1314 2528 1357 2593 ad
1383 2527 1575 2594 sententiam
1600 2547 1665 2593 non
1691 2527 1772 2593 satis
1795 2547 1904 2594 veram
1932 2528 2004 2594 duci

208 2647 295 2724 puto.
336 2637 453 2703 Melius
471 2637 667 2702 existimarit
685 2637 866 2717 Solonius,
894 2640 948 2721 qui
974 2639 1008 2705 in
1035 2638 1214 2723 appendice
1231 2637 1381 2704 editionis
1399 2657 1477 2704 suae
1495 2636 1576 2703 illud
1594 2635 1674 2703 bene
1693 2635 1884 2720 significarit
1903 2637 2005 2703 solere

210 2755 337 2832 poetam
359 2745 443 2810 seria
459 2765 531 2811 cum
548 2745 640 2827 iocis,
657 2765 734 2810 vcra
753 2765 824 2811 curn
842 2747 922 2812 lictis
940 2748 1146 2830 coniungere,
1163 2767 1224 2813 nec
1240 2747 1436 2812 tamen-nisi
1453 2747 1632 2810 fallor-acu
1649 2745 1763 2827 tetigit.

376 2855 424 2919 Ac
439 2854 577 2937 primum
595 2853 724 2937 quidem
747 2861 848 2921 metro
866 2855 1026 2940 Sapphico
1045 2859 1085 2900 -'
1104 2856 1138 2922 id
1155 2855 1241 2940 quod
1263 2855 1430 2921 Nauckius
1456 2854 1588 2919 minime
1605 2853 1733 2936 ignorat
1750 2888 1788 2898 -
1809 2853 2005 2937 poeta‘usus

209 2973 346 3033 estnon
372 2965 476 3029 solum
502 2984 573 3028 cum
601 2965 744 3029 carmina
771 2965 895 3031 altioris
921 2967 1052 3050 spiritns
1075 2971 1186 3032 sancto
1210 2985 1264 3031 ore
1289 2965 1449 3048 funderet,
1476 2963 1534 3030 sed
1560 2963 1657 3031 etiam
1675 2984 1746 3028 cum
1763 2981 1821 3044 per
1838 2965 1941 3029 iocum
1959 2965 2005 3028 lu·
2099 2989 2102 2996 ⁴

208 3077 347 3160 dumque
374 3073 518 3138 carmina
545 3091 566 3138 a
594 3074 765 3140 severitate
790 3081 856 3140 toto
883 3076 972 3142 caelo
1000 3075 1154 3141 distantia
1180 3075 1333 3142 scriberet
1360 3081 1396 3141 ut
1414 3075 1439 3158 I,
1457 3078 1507 3138 20.
1525 3071 1574 3133 25·
1593 3076 1642 3138 38.
1670 3073 1711 3152 II,
1729 3071 1759 3131 4·
1777 3072 1806 3131 8·
1832 3071 2004 3157 111,s.2⁰.

208 3187 245 3252 ln
263 3184 370 3251 verbis
387 3190 496 3248 autem
514 3181 608 3248 buius
625 3183 790 3266 carminis,
806 3203 980 3267 quaenam,
998 3205 1133 3268 quaeso,
1150 3192 1201 3252 est
1217 3185 1387 3268 severitas,
1405 3204 1487 3268 quae
1501 3183 1612 3248 divina
1625 3183 1717 3266 quasi
1735 3183 1903 3265 sanctitas,
1921 3203 2005 3265 quae

208 3292 398 3378 significatio
424 3292 607 3375 grammis,
633 3295 662 3359 si
680 3313 701 3356 a
719 3295 821 3378 primo
848 3313 944 3360 versu
969 3293 1179 3361 discesseris?
1214 3295 1319 3361 Nimis
1336 3297 1422 3360 enim
1441 3292 1590 3359 videntur
1605 3293 1685 3359 mibi
1703 3292 1844 3358 editores
1862 3298 1894 3358 et
1911 3293 2006 3358 inter-

206 3410 314 3488 pretes
327 3401 460 3468 haerere
478 3401 512 3466 in
529 3402 641 3485 primis
658 3401 725 3468 illis
741 3401 865 3468 verbis:
883 3404 1007 3487 integer
1024 3405 1112 3471 vitae
1138 3405 1331 3487 scelerisque
1348 3423 1456 3488 purus.
1494 3403 1547 3469 Ad
1565 3424 1663 3468 unum
1681 3409 1788 3469 autem
1807 3401 2006 3485 eundemque

206 3513 345 3598 primum
358 3532 487 3578 versum
505 3511 603 3577 totius
620 3512 770 3578 carminis
788 3513 981 3580 sententiam
995 3513 1147 3598 dirigere,
1163 3515 1353 3599 praesertim
1367 3533 1438 3580 cum
1456 3515 1553 3580 ceteri
1568 3533 1679 3580 omnes
1692 3533 1804 3579 versus
1819 3519 2007 3597 repugnent,

207 3622 406 3708 probandum
423 3621 501 3686 mibi
519 3640 681 3703 nunquam
698 3622 860 3688 videbitur
878 3644 950 3688 cum
966 3625 1053 3708 apud
1071 3625 1154 3690 alios
1171 3631 1297 3707 poetas,
1323 3629 1391 3688 tum
1408 3623 1495 3707 apud
1512 3623 1693 3706 Horatium,
1710 3623 1765 3705 qui
1785 3622 1915 3706 saepius
1932 3641 1953 3686 a
1972 3642 2006 3688 rc

207 3733 385 3816 digreditur
402 3737 437 3797 ut
454 3731 498 3796 ad
515 3730 610 3796 tinem
628 3729 670 3796 ab
689 3731 781 3796 initio
798 3752 862 3797 non
879 3752 993 3816 parurn
1009 3733 1173 3800 diversum
1191 3733 1300 3799 veniat
1325 3733 1365 3798 ci.
1381 3733 1439 3816 HI,
1460 3737 1508 3797 14.
1551 3731 1674 3810 Quibus
1692 3738 1799 3798 tamen
1816 3731 1924 3798 verbis
1941 3752 2005 3797 non

208 3863 291 3926 nego
308 3845 415 3910 inesse
441 3843 475 3906 in
501 3841 614 3926 primis
640 3841 706 3906 illis
731 3840 852 3925 verbis,
879 3861 961 3925 quac
978 3842 1180 3926 neglegenda
1197 3862 1262 3908 non
1279 3842 1355 3926 sint,
1373 3842 1407 3908 id
1425 3863 1520 3926 nego,
1546 3843 1668 3928 omnia,
1693 3863 1778 3927 quae
1804 3841 2006 3925 respicienda

209 3953 284 4035 sint,
310 3953 361 4017 bis
378 3949 485 4016 verbis
502 3951 666 4018 contineri.
709 3951 836 4034 Optime
863 3959 970 4018 autem
997 3953 1188 4018 sententiam
1215 3953 1313 4018 totius
1331 3954 1481 4019 carminis
1499 3954 1736 4036 intellegemus,
1762 3953 1790 4018 si
1816 3973 1887 4018 cum
1913 3952 2005 4018 initio

207 4059 302 4126 finem
319 4059 591 4142 coniunxerimus,
616 4059 676 4126 hoc
697 4060 796 4142 igitur
813 4061 979 4126 Horatium
997 4061 1080 4127 velle
1099 4067 1133 4126 ut
1150 4060 1313 4127 dicamus:
1339 4062 1438 4129 Cuius
1463 4071 1575 4147 pectus
1601 4063 1691 4127 nulla
1716 4081 1823 4128 rerum
1848 4061 2006 4126 malarum

208 4169 404 4236 conscientia
421 4167 570 4251 agitetur,
587 4170 678 4235 euius
696 4190 787 4236 mens
804 4169 865 4236 sibi
882 4171 1010 4237 conscia
1028 4171 1070 4235 sit
1087 4171 1176 4255 recti,
1194 4191 1267 4236 eum
1286 4173 1355 4239 sine
1374 4174 1438 4238 ullo
1456 4178 1616 4238 metuant
1633 4173 1746 4238 timore
1764 4177 1796 4236 et
1817 4171 2006 4253 longissima

207 4280 325 4345 itinera
351 4297 446 4362 posse
469 4277 631 4362 suscipere
660 4285 693 4344 et
717 4299 844 4346 amores
867 4281 983 4346 sectari
1003 4280 1135 4364 eiusque
1159 4281 1247 4346 modi
1272 4282 1517 4364 cogitationibus
1543 4287 1732 4366 occupatum
1758 4286 1790 4346 ct
1817 4281 1877 4346 soli
1904 4283 2006 4347 amori

206 4390 365 4454 intentum
392 4389 490 4454 etiam
508 4388 543 4452 in
561 4387 652 4451 silvis
675 4393 777 4452 tutum
794 4390 925 4472 vagari:
953 4410 1025 4456 eum
1053 4390 1138 4456 onim
1165 4409 1305 4458 amorem
1331 4413 1402 4458 cum
1430 4392 1613 4474 integritate
1639 4399 1671 4458 et
1697 4391 1880 4456 innocentia
1905 4391 2005 4456 animi

206 4498 409 4564 coniunctum
427 4505 459 4563 et
476 4495 692 4562 firmissimum
709 4498 906 4579 praesidium
925 4507 957 4566 et
973 4499 1235 4565 iucundissimam
1252 4500 1352 4564 animi
1370 4501 1589 4566 condicionem
1602 4521 1682 4568 esse.
1706 4501 1798 4566 Hanc
1815 4507 1923 4565 autem
1939 4520 2007 4566 rern

205 4615 318 4691 pocta,
345 4606 421 4671 dum
441 4605 577 4672 hilarem
602 4613 633 4672 et
657 4607 779 4672 laetum
804 4605 837 4672 in
857 4608 987 4676 modum
1013 4609 1224 4694 persequitur,
1249 4629 1343 4692 quem
1362 4611 1478 4676 suadet
1496 4617 1528 4676 et
1545 4595 1728 4676 innocentia
1746 4611 1845 4676 animi
1863 4619 1895 4676 et
1913 4611 2006 4677 dulce

205 4716 318 4783 ridens
343 4715 402 4779 illa
417 4717 541 4800 puella,
567 4717 637 4801 ipsc
663 4722 761 4798 auget
783 4723 816 4782 et
839 4726 1012 4802 exaggerat
1029 4719 1105 4785 inde
1122 4718 1164 4784 ab
1181 4719 1321 4785 secundo
1350 4740 1447 4786 versu
1472 4721 1664 4802 gravitatem
1681 4721 1728 4786 rei
1745 4719 2007 4803 horribilissimis,

205 4825 446 4906 remotissimis,
471 4823 720 4891 fabulosissimis
749 4824 845 4892 rebus
871 4829 988 4894 allatis.
1030 4827 1135 4912 Atque
1162 4835 1198 4893 ut
1225 4829 1289 4894 iam
1306 4830 1364 4894 illa
1381 4829 1424 4895 ad
1439 4829 1522 4895 mira
1540 4828 1685 4912 deduxit,
1712 4829 1809 4893 etiam
1836 4830 1932 4913 lupus
1949 4829 2006 4894 illc

208 4935 349 5002 Sabinus
366 4932 470 4999 bestia
486 4936 652 5017 aliquanto
669 4935 877 5018 periculosior
894 4937 1164 5021 pomiciosiorqne
1181 4936 1228 5027 lit,
1256 4957 1339 5022 quae
1356 4946 1463 5006 tamen
1480 4945 1621 5024 poetam,
1647 4937 1765 5022 quippe
1783 4939 1836 5020 qui
1854 4938 1889 5003 in
1906 4941 2008 5005 tutela

208 5045 340 5112 deorum
354 5049 498 5110 versetur
512 5043 609 5127 idque
623 5064 661 5110 eo
679 5043 783 5126 magis
796 5063 868 5110 cum
886 5047 1080 5113 carminibus
1096 5047 1263 5112 amatoriis
1280 5049 1459 5131 pangendis
1476 5048 1531 5114 det
1548 5067 1688 5132 operam,
1706 5047 1796 5130 sugit
1836 5047 1891 5114 Sic
1907 5048 2007 5114 Horu·

209 5153 289 5218 tium
307 5154 341 5219 in
359 5153 501 5220 carmine
519 5162 631 5237 quarto
648 5152 722 5220 libri
740 5155 826 5220 tertii
844 5156 997 5239 scripturn
1011 5157 1148 5239 legimus
1165 5156 1231 5221 iam
1247 5177 1382 5241 puerum
1400 5159 1434 5225 in
1444 5159 1577 5225 Volture
1594 5178 1657 5224 non
1675 5158 1745 5224 sine
1758 5157 1890 5224 deorum
1910 5176 2007 5242 opera
