4574 5868
1104 479 1273 572 „¹2-

285 692 414 767 temque
440 683 614 750 formarum
641 681 824 748 ostenderet
846 681 949 765 primo
973 682 1043 747 loeo
1059 679 1213 746 Horatius
1237 679 1385 762 exempla
1413 677 1534 762 posuit,
1558 677 1734 742 carminum
1755 695 1923 743 numerum
1945 676 1989 742 ad
2009 677 2086 743 duo

285 793 446 860 decimum
472 791 678 876 deducemus,
708 791 824 858 sedin
851 810 935 856 nono
961 789 1186 874 subsistemus,
1211 807 1316 872 neque
1341 789 1375 853 in
1401 787 1546 871 personis
1569 803 1742 869 eorumque
1763 786 1898 852 caritate
1924 793 1957 852 et
1977 805 2086 853 amore

286 921 418 970 cansam
437 909 533 986 atque
550 902 719 968 consilinm
737 901 859 968 ordinis
876 901 983 984 posita
1000 918 1072 965 esse
1089 897 1299 980 censebimus,
1321 897 1380 963 sed
1401 897 1581 963 Maecenati
1599 895 1648 960 illi
1669 894 1799 978 quidem
1825 895 1943 962 1661611
1971 897 2086 964 amico

285 1033 347 1096 que
364 1020 397 1078 et
413 1012 559 1095 Augusto
575 1012 717 1077 omnium
732 1011 869 1095 principi
887 1009 1052 1092 egregium
1069 1007 1230 1092 quendam
1247 1009 1351 1074 locum
1369 1007 1480 1073 datum
1498 1027 1583 1090 esse,
1609 1007 1644 1072 in
1670 1006 1786 1071 ceteris
1806 1011 1914 1070 autem
1939 1005 2085 1072 carmini·

285 1123 345 1189 bus
370 1121 563 1188 collocandis
588 1127 716 1205 poetam
740 1126 860 1186 utnon
883 1121 985 1186 solum
1013 1126 1200 1202 metrorum,
1226 1116 1285 1183 sed
1314 1118 1410 1182 etiam
1437 1123 1697 1200 argumentorum
1726 1135 1881 1181 summam
1907 1114 2087 1182 declararet

285 1233 475 1298 1611616166
493 1250 623 1315 operam
646 1229 775 1296 dedisse
793 1229 1015 1296 iudicabimus

754 1425 815 1494 De
840 1441 921 1494 usn
946 1423 1252 1506 particularum
1278 1421 1627 1504 copulativaruna

452 1550 490 1616 In
508 1551 619 1616 multis
635 1551 701 1615 illis
724 1556 756 1616 et
777 1549 952 1634 praeclaris
975 1549 1125 1615 editionis
1143 1548 1357 1615 Nauckianac
1374 1546 1545 1614 virtutibus
1572 1548 1662 1614 illam
1688 1568 1751 1613 non
1778 1549 1889 1614 ultimo
1915 1549 1984 1613 loco
2010 1555 2086 1631 puto

284 1660 475 1744 ducendam,
487 1661 572 1744 quod
586 1679 710 1725 summa
723 1660 757 1725 in
771 1656 1012 1741 interpretando
1021 1657 1190 1741 diligentia
1202 1659 1433 1742 particularum
1442 1658 1696 1742 copulativamm
1705 1659 1862 1725 rationem
1871 1657 2018 1723 hahuerit
2027 1660 2038 1697 ¹
2046 1655 2086 1737 ⁰).

285 1771 380 1840 Unde
398 1777 430 1837 et
452 1769 495 1835 ad
512 1769 612 1836 verba
630 1769 757 1835 facilius
776 1775 872 1850 atque
889 1768 1071 1833 accuratius
1098 1769 1315 1851 intellegenda
1333 1777 1366 1835 et
1392 1769 1436 1834 ad
1461 1775 1563 1834 artem
1581 1768 1793 1834 Horatianam
1820 1768 1939 1834 rectius
1964 1767 2084 1852 perspi-

285 1880 431 1948 ciendum
449 1881 591 1946 maxima
608 1877 816 1963 suppeditare
833 1877 1010 1960 praesidia,
1037 1877 1109 1959 quis
1126 1879 1249 1961 1166613
1284 1878 1350 1945 Sed
1375 1899 1446 1945 cum
1474 1879 1578 1945 omnis
1595 1879 1637 1944 de
1653 1878 1911 1945 coniunctionum
1933 1876 2085 1961 copulati-

250 1991 259 2014 ·
284 2011 397 2056 varum
415 1991 559 2075 quaestio
576 1989 716 2055 difficilis
733 1988 789 2069 sit,
815 1987 904 2069 qnia,
932 1986 1010 2070 quid
1027 1987 1151 2053 ratione
1168 1988 1307 2070 quadam
1327 1997 1414 2054 certa
1432 1996 1464 2054 61
1480 2008 1520 2054 ex
1536 1987 1662 2072 legibus
1687 1989 1843 2055 sermonis
1860 1986 1954 2054 latini
1970 1993 2028 2052 aut
2045 2004 2084 2053 611

287 2099 516 2166 consuetudine
535 2099 698 2184 scriptoris
721 2097 840 2162 dictum
859 2097 913 2180 sit,
939 2097 1060 2180 liquido
1078 2097 1249 2162 diiudicari
1267 2097 1398 2181 saepius
1415 2117 1479 2164 non
1500 2097 1616 2182 possit,
1641 2105 1708 2164 tum
1729 2096 1928 2178 perdifficilis
1954 2095 2012 2162 illa
2036 2101 2085 2160 est

286 2209 446 2292 quaestio,
465 2210 492 2275 si
511 2209 545 2274 in
564 2206 764 2292 explicandis
781 2207 939 2290 poematis
956 2207 1092 2290 ponitur,
1115 2206 1170 2272 ubi
1188 2207 1231 2271 ad
1248 2210 1338 2290 leges
1356 2208 1513 2273 sermonis
1530 2212 1563 2272 61
1579 2207 1622 2272 ad
1640 2206 1902 2274 consuetudinem
1922 2205 2085 2290 scriptoris

285 2319 413 2384 tertium
426 2319 564 2401 accedit,
580 2317 756 2382 necessitas
769 2315 941 2399 quaedam,
958 2337 1053 2399 quam
1068 2317 1156 2399 leges
1169 2317 1321 2382 metricae
1333 2317 1508 2401 imponunt.
1537 2315 1629 2396 Quae
1641 2317 1782 2401 quidem,
1799 2323 1953 2400 qnantum
1969 2317 2085 2399 valeat,

285 2428 395 2494 multis
407 2427 560 2494 discimus
578 2426 742 2510 exemplis.
781 2424 887 2491 Unam
905 2447 972 2493 rem
991 2447 1030 2492 61
1048 2433 1139 2492 tanta
1156 2426 1249 2510 copia
1266 2427 1443 2509 proteram:
1461 2427 1608 2492 videmus
1620 2425 1788 2492 Horatium
1807 2427 1841 2492 in
1858 2426 1970 2491 ultimo
1989 2445 2085 2492 16166

286 2536 604 2620 strophaeAlcaicae
622 2537 888 2620 saepissimeque
907 2537 1098 2620 6661661661
1125 2544 1200 2601 6616
1217 2537 1363 2601 ultimam
1381 2555 1492 2602 vocem
1519 2533 1712 2620 bisyllabam
1731 2555 1862 2620 ponere,
1888 2537 1935 2601 ita
1954 2537 2082 2619 quidem

286 2655 321 2714 ut
338 2656 395 2712 aut
412 2646 573 2712 addantur
589 2645 722 2712 ultimae
740 2646 970 2712 enuntiationis
986 2665 1082 2711 voces
1100 2647 1342 2730 enuntiatioque
1359 2645 1576 2730 concludatur,
1593 2651 1650 2711 aut
1668 2665 1785 2710 novum
1802 2644 1966 2712 inchoetur
1986 2666 2083 2713 enun-

285 2759 409 2840 tiatum,
428 2757 513 2840 quod
523 2756 556 2822 in
567 2755 743 2839 proximam
755 2755 918 2837 stropham
928 2756 1098 2839 pertineat.
1136 2755 1216 2821 Sunt
1229 2765 1338 2822 autem
1351 2755 1432 2821 haec
1446 2757 1605 2839 exempla:
1624 2756 1648 2838 1,
1665 2758 1777 2837 16111.
1791 2758 1841 2820 28.
1869 2761 1917 2839 17,
1932 2761 1960 2822 4.
1973 2761 2023 2824 to.
2034 2759 2085 2822 18.

287 2869 337 2950 11,
354 2869 401 2931 16.
429 2868 516 2948 aqu.
544 2870 594 2948 61,
613 2865 659 2928 16.
692 2869 741 2948 61,
756 2869 784 2929 6.
814 2867 1104 2947 6616163116.
1133 2865 1174 2947 11,
1195 2871 1283 2948 616.
1311 2869 1402 2948 611.
1432 2870 1497 2948 qo.
1528 2868 1850 2948 1661616116.
1878 2869 2002 2948 1646.
2036 2872 2080 2947 16,

287 2980 373 3042 4.12.
403 2977 617 3058 17,4.16.24.
643 2978 690 3056 19,
702 2976 753 3037 24.
766 2977 814 3038 28.
829 2977 878 3038 32.
906 2976 1052 3056 16111.
1065 2978 1170 3040 16211.
1193 2975 1250 3058 ΙΙΙ,
1267 2979 1330 3058 1,4.
1341 2979 1388 3039 12.
1398 2978 1448 3040 20.
1458 2979 1506 3040 36.
1516 2979 1566 3040 44.
1594 2977 1622 3056 2,
1638 2976 1685 3038 16.
1701 2975 1750 3038 28.
1776 2977 1864 3053 alo.
1880 2975 1928 3036 56.
1942 2975 1991 3037 68.
2017 2978 2078 3054 4,4.

288 3093 315 3170 6,
330 3092 358 3152 t.
374 3089 423 3152 36.
458 3088 486 3168 6,
501 3085 552 3149 211.
565 3086 614 3148 36.
639 3085 689 3166 23,
703 3088 731 3148 4.
747 3087 794 3148 16.
822 3087 871 3166 29,
891 3087 936 3148 12.
950 3086 1000 3150 28.
1013 3088 1063 3150 eo.
1077 3088 1125 3149 64.
1158 3084 1211 3167 IV,
1224 3089 1253 3167 4,
1268 3088 1317 3150 60.
1343 3087 1371 3167 9,
1385 3087 1435 3150 24.
1449 3087 1498 3150 36.
1529 3089 1575 3166 14,
1589 3089 1617 3149 4.
1631 3089 1688 3166 44;
1704 3084 1739 3148 16
1757 3081 1872 3167 quibus
1890 3082 1917 3147 si
1933 3081 2081 3148 videmus

170 3243 177 3268 .
286 3217 347 3280 666
365 3197 501 3262 eundem
520 3213 645 3277 semper
661 3193 765 3260 locum
783 3201 906 3275 tenere,
923 3215 1000 3259 num
1018 3194 1085 3259 alia
1102 3195 1143 3259 de
1161 3214 1261 3259 causa
1277 3194 1311 3261 id
1328 3195 1448 3260 factum
1466 3214 1538 3260 esse
1555 3203 1718 3278 putamus,
1740 3192 1803 3258 nisi
1821 3190 1905 3276 quod
1923 3193 1969 3258 sic
1985 3191 2084 3257 verba

286 3306 406 3390 optime
419 3305 452 3370 in
467 3323 632 3370 numerum
648 3302 938 3386 coniungerentur?
963 3303 1075 3385 Neque
1089 3303 1170 3370 illud
1183 3323 1247 3370 non
1259 3304 1430 3370 convenire
1444 3304 1524 3369 mihi
1536 3304 1664 3370 videtur
1680 3302 1822 3386 cumeis,
1840 3321 1922 3384 quae
1935 3301 2083 3380 diximus,

286 3414 370 3498 quod
388 3413 540 3480 Horatius
558 3413 618 3478 hoc
635 3413 820 3478 adiumento
837 3412 938 3476 multo
956 3431 1012 3495 pro
1029 3434 1161 3479 numero
1178 3433 1329 3479 versuum
1348 3414 1479 3497 saepius
1495 3413 1529 3479 in
1546 3411 1720 3498 p'rioribus,
1738 3431 1833 3494 quam
1852 3412 1885 3475 in
1902 3409 2082 3494 posteriori·

286 3522 346 3589 bus
364 3521 557 3588 carminibus
576 3543 654 3588 usus
671 3525 787 3598 est¹¹).
831 3521 999 3588 Nauckiue
1017 3529 1124 3588 tamen
1140 3522 1204 3588 duo
1227 3521 1289 3588 sibi
1306 3522 1433 3588 videtur
1456 3522 1632 3605 invenisse,
1658 3542 1769 3604 unum,
1795 3520 1898 3586 solere
1915 3519 2081 3586 Horatium

285 3641 394 3717 partes
411 3633 646 3698 enuntiatorum
666 3635 711 3710 (et
727 3630 886 3714 notiones)
904 3633 1075 3716 primarias
1092 3653 1149 3716 per
1166 3633 1447 3718 66666111661661,
1473 3631 1681 3699 secundariae
1705 3651 1764 3714 per
1781 3635 1810 3694 61
1828 3630 2082 3696 coniunctionem

286 3749 465 3824 conectere,
489 3743 625 3807 alterum
643 3761 744 3821 66666
764 3749 870 3806 61666
888 3763 951 3808 6611
969 3741 1072 3807 torma
1089 3743 1170 3825 6616,
1197 3743 1254 3809 sed
1282 3743 1380 3809 etiam
1408 3741 1641 3824 significatione
1668 3759 1740 3806 esse
1766 3740 1921 3805 diversas.
1960 3738 2084 3819 Quibus

286 3851 319 3918 in
338 3851 519 3934 sententiis,
537 3850 614 3932 quid
632 3849 666 3915 in
684 3850 819 3933 singulis
837 3851 916 3915 locis
929 3852 1051 3932 valeat,
1073 3850 1149 3933 quid
1167 3853 1200 3917 in
1219 3854 1403 3920 universnm
1422 3851 1504 3934 legis
1522 3852 1625 3916 locum
1639 3849 1796 3931 obtineat,
1813 3847 1942 3915 difficile
1957 3850 2084 3915 videtur

286 3959 481 4026 diiudicatu:
506 3979 609 4041 neque
635 3965 743 4024 tamen
770 3959 835 4024 ullo
859 3959 952 4024 modo
970 3960 1004 4025 id
1021 3959 1090 4025 viro
1108 3959 1156 4024 illi
1173 3960 1356 4029 doctissimo
1374 3969 1406 4028 61
1424 3961 1464 4026 de
1482 3961 1614 4027 Horatio
1632 3959 1761 4042 egregie
1784 3959 1897 4025 merito
1923 3959 2001 4026 vitio
2030 3961 2083 4024 tri·

286 4067 423 4152 6661116,
450 4069 503 4152 661
531 4087 623 4132 66661
647 4065 780 4132 editoris
805 4067 875 4133 1616
892 4068 1053 4150 putaverit
1071 4070 1174 4134 solnm
1192 4089 1276 4154 esse,
1303 4070 1380 4154 quid
1397 4090 1521 4154 quoque
1542 4070 1610 4135 loco
1629 4068 1670 4134 de
1687 4069 1854 4153 particulis
1879 4069 2083 4135 statuendum
2200 4099 2203 4106 ·

286 4185 385 4258 66661,
412 4176 600 4260 significare.
653 4177 772 4259 Legem
799 4183 906 4241 autem
934 4176 1143 4242 Horatianam
1171 4185 1267 4262 atque
1295 4180 1571 4262 consuetudinem,
1597 4197 1662 4244 non
1692 4180 1856 4262 singulare
1881 4179 1973 4262 quid,
2000 4179 2082 4262 quod

454 4411 497 4476 10)
524 4409 632 4477 Ι,7,3.
652 4411 692 4464 13.
719 4413 744 4476 9,
763 4411 803 4462 13.
835 4413 877 4478 11,
896 4413 936 4464 16.
955 4413 995 4466 31.
1028 4413 1111 4478 14,3.
1139 4415 1239 4480 17,14.
1272 4415 1312 4478 19,
1331 4413 1371 4465 14.
1402 4413 1504 4478 1610.
1537 4413 1580 4480 11,
1597 4416 1621 4467 3.
1648 4415 1691 4482 11,
1709 4417 1732 4468 1.
1759 4416 1801 4480 18,
1821 4415 1843 4466 l.
1870 4413 1972 4475 6616.
1999 4413 2041 4480 36,
2059 4415 2082 4464 9.

287 4493 324 4562 11,
351 4497 376 4560 1,
394 4495 435 4548 ill.
464 4495 505 4561 10,
522 4497 546 4547 9.
575 4497 616 4562 14,
633 4497 657 4548 3.
685 4497 727 4560 16,
745 4497 785 4548 11.
814 4497 855 4561 16,
872 4496 913 4550 31.
940 4496 981 4562 18,
998 4495 1022 4549 6.
1052 4497 1092 4561 19,
1111 4499 1151 4550 10.
1178 4500 1220 4564 10,
1237 4499 1262 4550 4.
1282 4499 1321 4550 11.
1357 4497 1408 4563 ΙΙΙ,
1433 4499 1500 4564 3,1.
1519 4498 1560 4552 36.
1592 4502 1618 4566 4,
1635 4500 1675 4555 16.
1693 4501 1735 4553 43.
1754 4498 1796 4551 46.
1813 4498 1855 4550 47.
1887 4497 1912 4562 6,
1930 4497 1971 4548 13.
1999 4498 2083 4564 7,19,

286 4579 371 4646 616.
405 4581 447 4646 10,
465 4580 488 4632 7.
523 4581 564 4646 11,
583 4580 623 4631 13.
642 4579 683 4632 16.
718 4581 801 4646 18,6.
835 4579 886 4646 Ν,
909 4583 934 4646 1,
953 4582 993 4634 10.
1024 4583 1049 4648 3,
1067 4583 1090 4634 6.
1122 4583 1147 4650 4,
1165 4583 1206 4635 66.
1237 4581 1323 4649 6,13.
1357 4583 1382 4650 3,
1399 4585 1424 4635 9.
1456 4585 1482 4650 9,
1500 4584 1525 4637 7.
1555 4586 1598 4651 13,
1614 4585 1656 4638 11.
1689 4585 1729 4651 14,
1751 4585 1793 4636 41.
1826 4581 1909 4649 16,6.
1947 4579 1976 4634 C.
1996 4579 2023 4634 S.
2041 4583 2084 4633 47.

286 4665 328 4718 61.
364 4663 541 4732 11661116.
568 4665 652 4730 7,16.
681 4665 722 4732 11,
739 4665 763 4716 3.
791 4665 874 4730 13,1.
903 4665 943 4732 16,
960 4667 1002 4718 46.
1032 4666 1072 4732 17,
1090 4667 1132 4720 46.

453 4749 496 4815 11)
523 4747 599 4814 Quos
617 4747 750 4802 Horatius
768 4747 794 4802 ln
812 4747 936 4818 strophis
954 4749 1108 4818 pangendis
1126 4765 1293 4819 progressus
1312 4746 1425 4815 iecerit,
1448 4749 1552 4816 optime
1571 4752 1702 4818 exposuit
1719 4749 1906 4819 Kiesslingius
1925 4751 1941 4804 l.
1961 4751 1978 4804 l.
1997 4767 2023 4819 p.
2041 4749 2083 4816 aa,

285 4831 333 4900 661
358 4839 450 4888 tannen
474 4832 659 4902 1116661161,
685 4831 761 4901 quod
788 4827 871 4888 tinem
898 4833 1030 4902 strophae
1048 4829 1184 4889 Alcaioac
1211 4834 1309 4889 eodem
1333 4833 1398 4888 loco
1425 4833 1551 4889 collocat
1573 4841 1658 4903 atque
1680 4835 1842 4892 incisionem
1865 4842 1933 4905 poet
1955 4841 2082 4905 quartum

286 4931 422 4986 quemque
440 4933 551 4974 versum
569 4913 837 4988 Asclepiadcorum,
864 4933 960 4972 eorum
977 4917 1024 4986 qui
1043 4919 1147 4988 singuli
1165 4951 1197 4959 —
1216 4917 1284 4972 κατὰ
1302 4922 1397 4990 στίχον
1416 4947 1448 4958 -
1467 4925 1620 4988 ponuntur:
1648 4921 1704 4976 alia
1721 4921 1792 4976 enim
1819 4937 1865 4978 166
1887 4929 1932 4976 661
1949 4918 2082 4988 strophae

286 5001 508 5070 comprehensio,
534 5002 589 5056 alia
615 5003 774 5058 coniunctio
802 5007 999 5070 quaternorum
1026 5003 1151 5058 ciusdem
1178 5003 1289 5072 generis
1307 5019 1452 5072 versuum,
1479 5019 1513 5058 ex
1541 5003 1657 5072 quibus,
1685 5005 1752 5062 licet
1769 5007 1796 5061 in
1814 5007 1926 5062 modum
1951 5004 2084 5072 strophae

286 5101 337 5140 666
355 5086 522 5154 scribamus,
544 5103 682 5155 nunquam
699 5085 816 5156 stropha
833 5081 891 5140 1161.
919 5085 996 5149 Quae
1015 5102 1078 5142 eum
1095 5086 1136 5141 ita
1153 5088 1208 5142 sint
1225 5087 1310 5142 rebus
1329 5096 1358 5143 et
1376 5088 1521 5143 sententiis
1539 5089 1567 5142 in
1585 5083 1639 5144 fine
1659 5093 1749 5158 quarti
1767 5109 1866 5148 vorsus
1886 5087 1971 5144 linitis
1989 5095 2084 5144 certae

285 5168 421 5238 quaedam
440 5169 635 5226 distinctiones
653 5169 797 5226 faciendae
816 5176 889 5224 sunt.
