4574 5868
660 1487 713 1585 N

387 1557 476 1670 Cum
493 1605 535 1670 ab
553 1607 601 1672 eis
619 1605 750 1690 studiis,
768 1604 883 1688 quibus
900 1625 1018 1689 magno
1036 1605 1195 1688 quondam
1214 1625 1323 1672 amore
1340 1626 1391 1672 me
1410 1605 1587 1692 dedissem,
1605 1607 1777 1675 multitudo
1795 1629 1963 1677 munerum
1982 1621 2014 1679 et

213 1714 411 1798 vicissitudo,
428 1717 569 1798 corporis
586 1715 763 1800 iufirmitas,
785 1737 891 1782 rerum
908 1715 1063 1799 iniquitas
1081 1721 1147 1780 tam
1164 1714 1220 1780 diu
1238 1736 1289 1782 me
1308 1715 1523 1803 distiuuisset,
1546 1725 1581 1784 ut
1598 1740 1663 1785 nou
1680 1719 1873 1786 mediocrem
1890 1729 2014 1806 partem

214 1844 337 1908 eorum,
359 1845 455 1910 quae,
480 1827 574 1910 plura
591 1826 729 1892 fortasse
752 1833 784 1892 et
805 1825 928 1892 viribus
945 1826 1084 1910 maiora,
1110 1830 1249 1892 tractare
1269 1827 1510 1913 constitueram,
1537 1828 1578 1893 ab
1601 1830 1676 1894 aliis
1702 1828 1779 1894 mibi
1805 1831 1945 1916 praeripi
1969 1834 2013 1898 vi-

213 1933 336 2017 derem,
363 1935 501 2001 frustula
518 1943 626 2002 autem
644 1957 750 2002 eorum
770 1942 805 2001 ut
822 1937 1011 2020 proferrem,
1037 1956 1127 2001 ame
1143 1937 1316 2021 Impetrare
1334 1955 1398 2002 uon
1414 1957 1556 2020 possem,
1583 1937 1639 2004 ubi
1661 1959 1779 2005 munus
1796 1937 1905 2005 libello
1923 1943 2014 2008 anni-

211 2045 355 2111 versario
372 2045 727 2111 commentatiunculam
745 2045 907 2112 adiciendi
926 2045 1006 2110 mihi
1024 2046 1206 2129 impositum
1226 2051 1284 2128 est,
1301 2047 1506 2128 quaestiones
1520 2047 1713 2114 Horatianos
1731 2049 1872 2132 promisi.
1901 2049 2014 2134 Neque

212 2172 288 2219 vero
306 2154 340 2219 id
357 2154 437 2220 mibi
455 2176 560 2236 sumo,
578 2161 613 2219 ut
630 2155 692 2221 bac
709 2157 743 2221 iu
761 2175 795 2221 re
813 2175 931 2238 magua
948 2154 1111 2239 profitear;
1131 2154 1187 2221 sed
1200 2156 1277 2237 quia
1290 2155 1457 2221 Horatium
1475 2157 1595 2240 legenti
1609 2179 1673 2223 uon
1690 2177 1794 2243 pauca
1811 2157 1889 2224 mibi
1907 2180 2014 2225 occur-

212 2270 334 2347 rerant,
360 2265 401 2330 de
419 2263 533 2348 quibus
551 2285 622 2330 cum
644 2264 826 2331 bominibus
843 2265 945 2331 doctis
962 2286 1026 2330 non
1044 2266 1254 2356 consentirem
1273 2271 1330 2330 aut
1347 2266 1380 2331 in
1398 2271 1489 2332 tauta
1507 2273 1539 2331 et
1557 2274 1623 2332 tam
1639 2267 1748 2350 ampla
1766 2267 2012 2352 explicationum

211 2375 304 2457 copia
330 2373 510 2457 haererem,
539 2375 714 2441 verendum
743 2396 809 2441 uon
832 2375 944 2459 putavi
973 2375 1152 2440 litterarum
1178 2375 1426 2441 Horatianarum
1458 2377 1702 2460 amplitudinem
1733 2377 1845 2460 paucis
1876 2381 2014 2462 pagellis

211 2501 340 2564 augere.
382 2483 552 2550 Difficilem
576 2486 636 2551 etsi
658 2506 725 2551 rem
744 2485 996 2569 quaestiunculis
1018 2485 1084 2549 illis
1109 2505 1160 2550 mo
1186 2505 1375 2568 aggressum
1402 2505 1474 2551 esse
1500 2485 1643 2552 intellexi
1670 2493 1767 2570 atque
1792 2484 2013 2567 difficiliorem,

211 2611 307 2673 quam
327 2592 395 2676 ipse
413 2600 617 2679 putaveram,
635 2597 752 2680 quippe
765 2595 852 2678 quod
864 2593 1026 2661 difficilius
1044 2601 1129 2659 esset
1145 2614 1213 2659 rem
1231 2616 1293 2661 non
1311 2601 1398 2660 recte
1416 2595 1594 2679 expositam
1614 2617 1686 2662 esse
1703 2597 1900 2680 intellegere,
1917 2617 2011 2680 quam

212 2701 317 2766 viaet
340 2705 464 2769 ratione
486 2705 621 2770 meliora
638 2705 813 2788 disputare,
839 2704 994 2789 promisso
1013 2703 1162 2769 standum
1181 2724 1253 2769 esse
1270 2705 1395 2790 putavi,
1423 2704 1456 2769 id
1478 2712 1562 2770 certe
1586 2707 1791 2771 emolumenti
1816 2707 1932 2774 studiis
1950 2709 2011 2774 Hc·

152 2813 156 2821 '
213 2810 349 2876 ratianis
368 2805 520 2876 oriturum
529 2819 642 2896 uatus,
659 2819 694 2878 ut
710 2814 880 2895 nonnulla,
897 2831 980 2895 quae
998 2813 1145 2894 inprimis
1162 2832 1239 2877 cura
1252 2813 1351 2896 digua
1365 2813 1550 2877 viderentur
1569 2834 1653 2898 esse,
1671 2816 1786 2880 iterum
1805 2817 1838 2880 in
1858 2817 2010 2882 iudicium

211 2917 373 2984 homiuum
392 2920 556 2987 doctorum
575 2929 783 3006 vocarentur3
809 2922 862 3006 qui
881 2922 907 2986 si
926 2922 1082 2987 nonnulla
1099 2941 1119 2986 a
1137 2943 1188 2987 me
1211 2921 1421 3005 probabiliter
1447 2921 1613 3006 disputata
1635 2925 1827 3006 censuerint,
1853 2925 2011 3012 gaudebo,

179 3049 184 3062 ¹
212 3027 239 3091 si
257 3029 378 3112 miuus,
404 3031 532 3096 veniam
550 3040 624 3116 peto
642 3033 804 3117 pollicitus
824 3038 967 3116 tempora
985 3031 1013 3095 si
1031 3031 1166 3095 meliora
1184 3032 1331 3097 venerint
1347 3033 1496 3116 viresque
1518 3032 1688 3117 firmiores,
1710 3035 1804 3117 plura
1828 3054 1878 3100 me
1896 3041 1928 3100 et
1945 3057 2010 3102 me·

210 3137 291 3202 liora
305 3137 340 3202 iu
356 3139 497 3205 medium
515 3143 722 3225 prolaturum.

965 3397 1258 3406 —-n.-————

378 3592 646 3721 Quotiescunque
670 3637 817 3722 legebam
845 3641 1022 3707 carminum
1049 3640 1295 3706 Horatiauorum
1326 3636 1400 3704 libri
1431 3639 1526 3724 primi
1552 3639 1681 3706 tertium
1708 3645 1740 3704 et
1770 3637 2008 3732 libriseeundi
2043 3615 2114 3722 T·
2137 3633 2153 3700 3
2177 3637 2216 3712 .’·
2250 3652 2256 3662 ’

210 3755 356 3830 quartum
374 3748 547 3831 decimum,
574 3747 746 3814 haerebam
765 3749 798 3815 in
816 3748 948 3815 vocibus
969 3750 1219 3830 ,dissociabilis“
1240 3757 1272 3815 et
1293 3749 1596 3833 ,illacrimabiiem‘,
1618 3746 1785 3831 inquibus
1808 3749 2009 3834 explicandis
2047 3773 2091 3862 U
2114 3781 2174 3850 ,qr
2206 3749 2223 3836 ί

208 3855 353 3923 homiues
370 3858 455 3924 docti
474 3865 539 3923 tam
557 3879 671 3942 parum
689 3858 772 3925 inter
790 3879 825 3924 sc
842 3859 1057 3943 consentiunt,
1083 3865 1118 3925 ut
1136 3860 1302 3941 utriusque
1319 3859 1414 3925 modo
1431 3858 1514 3926 hanc
1530 3859 1624 3926 modo
1641 3859 1777 3924 alteram
1806 3856 2007 3940 significatio·
2101 3853 2106 3877 ¹
2277 3858 2282 3868 “

208 3983 281 4029 nem
299 3966 497 4048 comprobari
514 3968 691 4034 videamus.
734 3968 802 4033 Iam
826 3970 911 4035 euim
934 3989 955 4034 a
973 3968 1139 4035 Periuouic
1156 3966 1200 4033 ad
1222 3967 1329 4033 Sauot
1346 3967 1422 4034 Min.
1439 3968 1465 4052 I,
1485 3973 1532 4054 15,
1550 3973 1570 4033 4
1597 3968 1847 4035 demonstratum
1877 3975 1926 4033 est
1951 3969 2008 4034 ad-

208 4072 326 4138 iectiva
344 4073 378 4137 in
394 4073 469 4137 belis
486 4077 635 4143 cadentia
657 4077 755 4142 etiam
777 4078 883 4142 activa
902 4079 1063 4144 sententia
1087 4077 1248 4161 usurpari,
1274 4079 1368 4160 plura
1385 4076 1426 4144 dc
1443 4077 1557 4144 haere
1574 4077 1751 4163 disputavit
1768 4077 1801 4144 O.
1819 4077 1855 4142 L.
1873 4077 2007 4144 Rotbius

209 4184 242 4247 iu
261 4202 394 4248 excursu
412 4183 456 4249 ad
473 4184 578 4250 Taciti
595 4187 671 4270 Agr.
688 4187 812 4272 XXIII,
830 4209 860 4272 p.
878 4190 1063 4252 211—212:
1080 4187 1208 4271 reliqui,
1231 4186 1286 4269 qui
1304 4187 1404 4252 secuti
1422 4195 1510 4272 suut,
1528 4187 1687 4268 duplicem
1706 4186 1817 4253 horum
1835 4186 2007 4255 adiectivc-

202 4296 278 4358 'rum
297 4291 559 4373 significationem
583 4315 640 4378 pro
657 4317 692 4362 re
711 4299 877 4382 explorata
894 4303 926 4364 et
944 4302 1044 4381 certa,
1072 4295 1157 4378 quod
1183 4295 1298 4380 sciam,
1324 4304 1526 4380 acceperunt
1567 4297 1653 4363 Illud
1678 4303 1785 4362 tamen
1807 4317 2007 4380 nunquama

207 4422 259 4467 me
277 4403 450 4487 impetrare
467 4401 565 4486 potui,
583 4409 618 4467 ut
635 4411 701 4468 tam
718 4407 784 4472 late
801 4407 893 4474 illum
911 4427 1004 4473 usum
1022 4405 1166 4490 patuisse
1184 4412 1347 4490 putarem,
1365 4411 1400 4471 ut
1414 4405 1551 4472 Romani
1565 4405 1712 4472 omnibus
1728 4404 1907 4492 adiectivis,
1924 4427 2007 4491 quae

206 4511 281 4576 belis
298 4512 433 4596 syllabis
459 4513 717 4597 terminarentur,
741 4522 773 4580 et
797 4517 937 4581 activam
955 4523 988 4584 et
1004 4515 1169 4600 passivam
1191 4514 1353 4581 notionem
1371 4513 1504 4582 subesse
1521 4521 1703 4598 censerent,
1728 4533 1791 4580 uon
1809 4515 1904 4582 aliter
1921 4537 1961 4583 ao
1978 4518 2005 4584 si

206 4642 265 4687 nos
282 4621 451 4688 adiectivis
474 4623 575 4689 nostri
601 4624 758 4691 sermonis
783 4623 817 4690 in
840 4623 899 4689 bar
915 4623 1104 4692 exeuntibus
1121 4623 1187 4688 vim
1209 4623 1348 4688 activam
1367 4621 1593 4691 subiceremus
1636 4623 1739 4702 Quam
1757 4626 1885 4708 quidem
1904 4627 2005 4711 suspi-

207 4731 330 4798 cionem
349 4752 384 4797 re
400 4731 529 4815 probari
547 4738 632 4816 puto.
675 4733 788 4818 Itaque
805 4733 908 4819 primo
926 4737 995 4802 Ioco
1013 4733 1121 4800 omnia
1144 4731 1317 4816 adiectiva,
1343 4751 1427 4815 quae
1453 4735 1585 4816 passiva
1611 4741 1734 4799 tautum
1760 4734 1889 4801 notione
1915 4757 2005 4802 usur-

206 4848 332 4924 pantur,
358 4841 465 4924 posui,
491 4844 593 4908 altero
611 4843 680 4908 Ioco
699 4863 752 4927 ea,
777 4845 812 4910 iu
830 4845 944 4928 quibus
962 4845 1059 4910 etiam
1082 4843 1189 4909 activa
1205 4841 1256 4907 vis
1278 4841 1376 4925 inest,
1401 4847 1458 4906 aut
1483 4861 1694 4926 quae-pauca
1711 4863 1750 4909 ea
1768 4844 2004 4910 suut-activam

206 4956 329 5016 tantum
348 4948 611 5032 significationem
626 4952 759 5039 habeut,
786 4954 913 5038 addidi,
937 4955 983 5020 ita
1001 4961 1049 5037 ut,
1076 4953 1103 5018 si
1121 4951 1197 5036 quid
1215 4950 1256 5018 de
1280 4951 1416 5033 singulis
1432 4950 1624 5016 mouendum
1643 4957 1728 5016 esset
1734 5001 1742 5036 ,
1771 4953 1879 5018 statim
1897 4953 1938 5021 de
1956 4955 2004 5021 eis

205 5059 412 5144 disputarem.
457 5060 628 5126 Poetarum
647 5069 678 5128 et
697 5065 884 5148 scriptorum
903 5064 1057 5130 orationis
1076 5063 1201 5128 solutae
1223 5082 1315 5126 usum
1338 5081 1402 5127 nou
1428 5060 1568 5144 seiunxi,
1595 5061 1670 5144 quia
1691 5062 1818 5146 utrique
1845 5063 1879 5130 iu
1904 5085 1943 5130 ea
1968 5085 2003 5131 re

206 5170 353 5235 similiter
369 5169 488 5234 versati
508 5176 581 5236 suut
597 5180 629 5237 et
646 5172 779 5240 Horatio
798 5180 884 5242 certe
911 5175 997 5240 idem
1020 5174 1135 5241 licebat
1154 5169 1239 5252 quod
1264 5171 1346 5254 illis,
1375 5191 1486 5237 omues
1514 5177 1621 5237 autem
1648 5171 1819 5254 scriptores
1845 5173 2003 5256 coniunxi,

1818 5293 1830 5346 l
